3308 5430
297 605 336 667 92
748 615 838 662 nunu
860 615 940 664 vuar

344 767 428 838 Item
443 763 571 836 curiam
587 762 806 855 temporalem
821 784 896 831 cum
911 760 1068 848 annexis,
1088 760 1215 835 scilicet
1228 785 1364 858 compo-

295 890 474 963 sitionibus
492 896 526 959 et
546 887 708 958 emendis.

345 1044 429 1113 Item
448 1039 629 1111 notariam.

345 1191 428 1260 Item
449 1210 566 1258 omnes
587 1186 739 1258 homines
753 1185 831 1257 dicti
848 1185 911 1257 loci
927 1193 1086 1258 tenentur
1103 1187 1214 1259 Iacuere
1228 1186 1365 1259 domino

295 1336 356 1385 suo
391 1311 659 1406 archiepiscopo,
698 1311 733 1382 in
767 1311 917 1382 novitate
946 1333 1009 1382 sua
1038 1317 1074 1383 ct
1108 1311 1204 1383 toties
1234 1312 1366 1405 quoties

295 1439 460 1520 voluerit,
485 1444 734 1508 sacramentum
752 1436 938 1508 fidelitatis.

760 1709 896 1780 LXXX

668 1936 712 1985 DE
737 1936 850 1986 Puuun
876 1936 981 1987 LATA.

341 2120 501 2212 Sequitur
527 2118 619 2189 Iocus
646 2118 687 2189 de
715 2119 819 2189 Petra
842 2119 928 2189 Lata
958 2119 1015 2212 qui
1041 2128 1092 2190 est
1121 2126 1212 2191 totus
1235 2119 1365 2191 domini

291 2243 534 2337 archiepiscopi
552 2243 783 2314 Narbonensis
813 2267 889 2314 cum
913 2243 1104 2314 omnimoda
1127 2244 1364 2339 jurisdictione

290 2370 362 2440 alta
378 2382 411 2437 et
427 2370 526 2439 tressa
536 2375 569 2438 et
582 2391 673 2438 moro
688 2391 726 2438 ac
743 2368 848 2439 mixto
864 2369 1004 2461 imperio
1017 2392 1057 2439 ac
1072 2369 1190 2462 primis
1204 2369 1363 2463 appella-

291 2494 452 2565 tionibus,

340 2646 423 2714 Item
443 2643 545 2714 habet
563 2643 718 2715 dominus
733 2644 1002 2738 archiepiscopus
1022 2668 1098 2737 quae
1118 2653 1285 2739 sequntur
1300 2669 1361 2741 per

289 2768 458 2840 ordinem.

341 2920 457 2991 Primo
474 2920 667 3013 pasqueria.

342 3073 426 3143 Iem
454 3071 556 3142 habet
581 3072 618 3141 in
646 3072 788 3165 pecunia
813 3071 855 3143 de
882 3093 985 3142 consu
1014 3071 1167 3143 undecim
1189 3071 1325 3144 solidos,

343 3380 424 3448 lem
455 3377 591 3469 agreria
619 3378 652 3446 in
676 3376 797 3465 blado,
831 3377 909 3447 vino
939 3384 972 3447 et
1006 3376 1118 3448 olivis.

357 3080 371 3141 t

343 3226 425 3297 Item
447 3225 489 3296 de
506 3248 615 3296 avena
638 3242 705 3296 tres
724 3224 925 3316 quarterios

358 3387 371 3447 t

358 3536 370 3599 t

341 3530 425 3600 lem
447 3528 626 3621 foriscapia
644 3535 678 3599 et
699 3527 873 3598 laudimia.

342 3681 425 3751 Item
440 3679 569 3751 curiam
585 3680 803 3772 temporalem
819 3703 895 3751 oum
910 3680 1066 3769 annexis
1085 3680 1210 3753 scilicet
1224 3704 1359 3775 mmpo-

290 3805 472 3876 sitionibus
490 3814 524 3876 et
542 3804 706 3876 emendis,

340 3959 423 4028 Item
442 3956 622 4027 notariam.

341 4110 425 4178 Item
443 4128 559 4177 omnes
575 4107 728 4178 homiues
743 4107 821 4178 dicti
840 4109 902 4178 loci
920 4115 1077 4180 tenentur
1096 4109 1207 4180 facere
1224 4106 1358 4179 domino

292 4257 353 4304 suo
379 4231 648 4324 archiepiscopo,
684 4233 720 4302 in
748 4233 899 4305 novitate
932 4256 994 4303 sua
1026 4240 1060 4305 et
1097 4233 1194 4306 toties
1226 4233 1357 4327 quoties

292 4357 455 4447 voluerit,
477 4365 724 4428 sacramentum
741 4357 927 4430 fidelitatis
