3308 5430
526 681 566 727 ns
586 662 821 730 u’mcunvtcmt
841 681 882 728 ou
902 679 1073 732 urrunnun
1313 667 1352 729 97

719 854 938 927 LXXXVIII

737 1056 781 1106 DE
806 1055 910 1107 BUXO.

337 1218 497 1311 Sequitur
520 1220 611 1291 Iocus
628 1218 670 1291 de
687 1220 785 1291 Buxo
800 1220 857 1313 qui
880 1230 932 1292 est
951 1219 1077 1291 domiui
1096 1220 1350 1315 archiepiscopi.

338 1372 422 1442 Item
443 1371 546 1443 habet
563 1372 718 1442 dominus
735 1371 1005 1466 archiepiscopus
1023 1373 1059 1442 iu
1079 1372 1167 1444 dioto
1188 1372 1259 1443 Iooo
1277 1394 1355 1465 quae

289 1505 453 1589 sequntur
470 1519 530 1589 per
547 1496 711 1569 ordinem.

339 1647 453 1717 Primo
469 1648 648 1741 pesqueria
668 1672 744 1719 oum
759 1671 858 1741 pena.

339 1800 422 1870 Item
438 1799 541 1871 habet
558 1800 594 1869 in
616 1801 757 1893 pecnnia
774 1800 816 1871 de
834 1823 937 1872 censu
956 1808 1084 1895 septem
1103 1799 1226 1871 solidos
1251 1823 1357 1872 unum

289 1921 479 1994 denarium.

339 2076 424 2146 Item
436 2076 539 2147 habet
552 2076 594 2148 de
607 2076 777 2147 frumento
797 2081 867 2148 tres
885 2077 1088 2169 quarterios.

341 2229 424 2299 Item
454 2228 557 2300 habet
593 2228 640 2298 ibi
675 2228 716 2298 de
751 2250 854 2299 censu
883 2227 1041 2299 scutellas
1068 2228 1201 2321 ligneas
1232 2227 1357 2320 viginti

292 2376 409 2425 uuam.

340 2507 424 2577 Item
445 2505 548 2576 habet
562 2504 609 2574 ibi
629 2505 765 2596 agreria
787 2505 874 2574 bona
895 2505 931 2574 in
954 2504 1051 2575 blado
1070 2512 1103 2576 et
1121 2504 1214 2575 vino.

341 2663 424 2730 Item
440 2656 619 2750 foriscapia
638 2663 672 2728 et
692 2656 867 2728 laudimia.

733 2916 921 2987 LXXXIX

694 3126 737 3175 DE
763 3125 958 3176 PISENELLO.

343 3291 503 3382 Sequitur
523 3291 615 3361 Iocus
629 3290 669 3360 de
691 3291 856 3361 PiseneIIo
874 3292 930 3384 qui
949 3313 1014 3360 non
1033 3298 1085 3362 est
1098 3289 1224 3361 domini
1240 3289 1360 3361 archi-

294 3416 437 3508 episcopi
477 3415 725 3503 Narbonensis,
758 3415 815 3486 sed
845 3415 949 3488 habet
986 3415 1022 3485 in
1051 3414 1139 3485 dioto
1177 3415 1248 3484 Ioco
1282 3437 1360 3507 quae

295 3547 457 3630 sequntur
473 3562 532 3631 per
547 3539 710 3610 ordinem.

344 3691 458 3760 Primo
485 3691 587 3762 habet
604 3692 640 3761 in
661 3691 802 3784 pecnnia
820 3691 861 3761 de
879 3714 980 3762 censu
1010 3713 1087 3783 qnae
1108 3698 1271 3784 sequntur
1302 3713 1362 3784 per

294 3815 466 3905 ordinem,
485 3816 610 3889 scilieet
625 3826 697 3887 octo
715 3817 856 3900 solidos,
879 3839 999 3886 novom
1018 3816 1186 3887 denarios,

344 3968 426 4037 Item
445 3967 485 4037 de
506 3990 648 4039 arraone
666 3967 731 4038 duo
750 3968 893 4039 sestaria
913 3978 947 4038 et
965 3969 1126 4038 eminam.

344 4119 428 4190 Item
447 4119 551 4190 habet
569 4119 717 4211 gallinas
731 4120 773 4191 de
793 4143 895 4191 censu
914 4119 1075 4213 quinque.

345 4271 428 4341 Item
449 4270 532 4342 duos
553 4280 736 4363 quartones
753 4271 818 4343 olei
836 4271 877 4343 de
895 4294 1011 4343 censu.

345 4422 429 4493 Item
449 4423 550 4494 habet
568 4423 652 4494 duas
670 4424 825 4516 fogassas
845 4423 942 4494 albas
961 4423 1003 4495 de
1023 4447 1139 4497 oensu.

1224 4550 1244 4616 7
