3308 5430
534 705 574 751 nn
595 685 829 751 c'uncusvtcuri
851 701 891 747 nn
911 700 1080 749 66666666
1303 684 1359 744 133

292 853 363 925 alta
381 861 414 922 et
433 853 534 922 bassa
548 866 583 920 et
597 871 690 920 mero
707 870 747 918 ac
765 847 871 917 mixto
891 846 1031 940 imperio
1046 869 1086 917 ac
1104 845 1221 939 primis
1238 844 1359 939 appel-

293 976 488 1048 latiouibus.

341 1128 424 1197 Item
444 1126 546 1197 habet
560 1124 715 1195 dominus
739 1122 1008 1215 archiepiscopus
1026 1143 1103 1213 quae
1121 1127 1284 1212 sequntur
1301 1140 1361 1212 per

291 1251 455 1323 ordinem.

341 1410 455 1482 Primo
470 1416 618 1480 castrum
636 1431 736 1479 suum
757 1406 942 1501 proprium.

342 1573 425 1642 item
448 1592 551 1640 unum
581 1567 763 1660 hospitium
792 1567 879 1659 quod
908 1566 1022 1638 evenit
1049 1565 1113 1637 sibi
1142 1564 1183 1636 (16
1207 1588 1293 1636 novo
1319 1564 1360 1637 de

295 1703 451 1766 mansata
470 1715 548 1785 quae
563 1691 629 1762 fuit
649 1690 815 1783 quondam
836 1690 1026 1764 Guilhermi
1046 1689 1088 1761 (16
1105 1689 1293 1762 Cruscadis.

341 1858 425 1947 Item
457 1852 603 1946 hospitia
623 1851 765 1943 antiqua
791 1873 850 1943 pro
871 1850 980 1922 bladis
1000 1850 1171 1937 tenendis;
1194 1850 1251 1922 sed
1281 1849 1360 1921 data

292 1989 371 2051 sunt
405 1978 448 2049 ad
479 2000 604 2048 novum
643 1974 830 2068 accapitum
867 1974 1099 2065 universitati,
1122 1975 1165 2047 ad
1195 1975 1360 2047 usaticum

291 2103 415 2197 viginti
437 2103 631 2174 solidorum.

340 2267 424 2335 Item
443 2272 523 2335 sunt
534 2264 760 2358 possessiones
773 2264 898 2356 aliquae
907 2261 949 2332 de
962 2268 1117 2332 mansata
1132 2283 1209 2353 quac
1221 2260 1361 2331 fueruut

291 2390 459 2483 quondam
471 2389 663 2461 Guilhermi
673 2389 714 2460 (16
725 2387 923 2475 Cruscadis‚
948 2410 1025 2480 quae
1047 2392 1204 2458 tenentur
1220 2384 1263 2456 ad
1284 2407 1359 2455 ma-

290 2538 371 2586 num
393 2514 519 2585 domini
540 2514 792 2607 archiepiscopi.

341 2669 423 2737 item
445 2665 547 2737 habet
565 2665 613 2735 ihi
628 2666 828 2757 inquantum
849 2672 883 2734 et
897 2663 1036 2734 cridam.

340 2820 422 2888 ltem
438 2819 563 2888 banna.
660 2795 663 2800 ’

338 2970 422 3039 Item
441 2968 544 3040 habet
562 2968 609 3039 ibi
625 2968 795 3041 devesiam
826 2976 860 3040 61
889 2967 1101 3039 venationem
1128 2965 1358 3036 cuniculorum

288 3117 364 3163 cum
383 3115 483 3186 pena.

750 3375 897 3447 CXXIV

631 3601 713 3652 rrum
738 3602 782 3651 nu
808 3600 1022 3652 vuurnuaoo

338 3788 509 3877 Sequutur
533 3784 713 3856 servitutes
739 3792 774 3854 61
794 3785 933 3855 servitia
954 3805 1038 3876 quas
1064 3792 1098 3854 et
1125 3806 1202 3876 quae
1230 3783 1359 3854 iaciunt

288 3907 423 3977 domiuo
441 3907 689 4001 archiepiscopo
712 3908 926 3981 Narbonensi
947 3932 1036 3979 armo
1055 3908 1205 4001 quolibet
1224 3907 1358 3979 domino

288 4032 536 4126 archiepiscopo
557 4034 769 4104 Narbonensi
789 4033 942 4105 homines
962 4033 1003 4104 (16
1020 4034 1227 4105 Ventenaco.

341 4194 453 4262 Primo
473 4194 680 4280 asinariam;
705 4217 820 4264 omnes
839 4194 993 4266 homiues
1011 4193 1091 4264 dicti
1116 4194 1179 4265 loci
1198 4202 1356 4265 tenentur

289 4326 467 4409 apportare
502 4316 590 4410 apud
630 4317 825 4388 Narbonem
865 4317 907 4387 ad
946 4319 1107 4410 graneria
1143 4318 1268 4388 domiui
1303 4318 1356 4387 sui

289 4440 527 4534 archiepiscopi
540 4451 646 4512 totum
659 4440 795 4513 bladum
806 4442 847 4512 (16
861 4442 1012 4532 (16611616,
1022 4441 1151 4534 tasquis
1161 4449 1196 4513 61
1203 4440 1354 4531 usaticis,
