3308 5430
292 588 331 651 72
741 606 834 655 urvun
855 608 936 655 vaur

338 751 423 822 Item
438 773 557 823 nemus
578 752 757 847 pulchrum
776 761 932 832 vocatum
944 752 986 826 de
1001 753 1215 828 Joncarollie.

338 903 424 975 Item
444 926 583 976 nemora
599 905 741 997 pulchra
755 913 874 977 vocata
888 905 930 979 de
948 907 1109 980 Fertque.

338 1056 423 1127 Item
442 1054 493 1127 las
510 1056 669 1127 cabanas.

338 1206 422 1277 Item
438 1206 667 1279 molendinum
682 1207 770 1300 quod
787 1208 868 1279 sacit
881 1208 922 1280 de
937 1232 1040 1281 censu
1055 1216 1183 1304 septem
1203 1212 1319 1284 libras.

339 1357 423 1428 Item
444 1357 546 1429 habet
563 1358 599 1428 in
618 1357 819 1452 supradictis
837 1359 1071 1433 terminalibus
1087 1362 1258 1435 devesiam
1280 1388 1357 1436 cum

289 1504 376 1575 pena
395 1483 636 1575 cujuscumque
657 1484 859 1556 venationis.

339 1634 425 1705 Item
448 1632 614 1704 terminus
641 1632 721 1704 dicti
740 1634 803 1705 luci
824 1632 923 1706 debet
948 1636 1058 1708 latere
1082 1635 1217 1709 domino
1239 1638 1358 1710 archi-

289 1756 441 1851 episcopo
454 1756 607 1850 quolibet
620 1780 709 1829 annu
728 1780 831 1829 unam
847 1759 1071 1851 quantitatem
1089 1761 1306 1834 scutellarum
1324 1771 1359 1835 et

289 1880 539 1974 graealaterum
561 1880 617 1974 [et]
637 1881 883 1954 incisnrorium.

727 2074 731 2081 ι
780 2131 874 2202 LVII

651 2359 733 2409 ITEM
758 2359 802 2409 DE
828 2359 997 2418 EQUABUS.

338 2543 509 2637 Sequntur
523 2565 643 2616 census
659 2542 825 2616 annuales
845 2542 949 2616 debiti
968 2543 1004 2614 in
1024 2542 1112 2615 dicto
1135 2544 1206 2616 loco
1224 2543 1358 2616 domiuo

289 2667 551 2762 archiepiscopo.

224 2824 236 2843 ”
338 2819 454 2890 Primo
486 2818 521 2889 iu
559 2817 702 2912 pecunia
734 2841 811 2890 cum
844 2818 1003 2890 carnibus
1041 2819 1142 2891 salsis
1174 2826 1209 2891 et
1240 2825 1360 2913 questa

289 2944 429 3017 annuali
447 2951 482 3016 et
496 2944 687 3017 molendino
701 2944 816 3016 decem
830 2944 957 3034 libras,
980 2945 1128 3038 quinque
1146 2944 1282 3017 solidos.

339 3098 424 3169 Item
444 3119 504 3190 pro
533 3096 684 3190 quolibet
701 3095 773 3167 fuco
795 3094 927 3167 ratione
944 3095 1218 3190 afranquamenti
1232 3095 1359 3167 dunde-

290 3223 356 3296 cim
371 3222 539 3296 denarios.

339 3377 424 3448 Item
437 3375 479 3448 de
499 3375 668 3445 frumenta
682 3372 855 3444 duodecim
873 3371 1041 3444 denarius.

340 3529 424 3600 Item
448 3525 490 3599 de
510 3547 620 3599 avena
649 3523 810 3597 tredecim
829 3523 994 3605 sestaria,
1028 3546 1131 3595 unam
1152 3523 1359 3616 quarterium

291 3674 417 3725 rasam.

338 3804 423 3876 Item
443 3801 584 3897 gallinae
599 3801 744 3895 triginta
764 3800 914 3895 quinque
928 3807 964 3872 et
981 3801 1086 3873 ultra.

338 3957 422 4027 Item
442 3976 562 4026 census
587 3954 741 4026 carnium
766 3953 934 4024 salsarum
947 3968 965 4041 ‚'
986 3951 1045 4023 sed
1067 3955 1304 4043 cumputantur
1322 3950 1358 4019 in

290 4103 424 4154 summa
438 4080 603 4174 pecuniae.

339 4234 424 4304 Item
454 4238 607 4325 questam
647 4231 854 4319 annualem,
897 4234 1109 4323 computatur
1150 4228 1186 4298 in
1224 4249 1358 4298 summa

292 4358 457 4454 pecuniae.
