3308 5430
551 627 591 673 nn
612 609 848 676 n'ancunvicuil
869 627 909 675 on
929 625 1098 676 uannouus
1239 689 1242 696 Ι
1318 615 1357 676 nt

339 776 424 845 Item
449 773 552 844 habet
580 772 736 844 dominus
766 772 1036 868 archiepiscopus
1060 774 1292 848 Narbonensis
1321 775 1358 846 in

289 898 380 970 dicta
400 897 528 970 bavilia
545 897 709 970 animalia
726 905 846 970 vocata
867 899 912 969 de
929 899 1094 994 l'espacc.

339 1051 424 1122 ltem
454 1056 533 1121 sunt
559 1051 672 1143 plures
706 1051 878 1145 [census]‚
913 1050 971 1122 sed
993 1073 1070 1121 cum
1094 1050 1273 1144 diligentia
1300 1075 1359 1145 per

290 1174 442 1246 bavilum
463 1175 562 1247 dictae
580 1172 718 1247 bariliee
738 1175 1024 1270 [perquirantur].

633 1657 677 1706 DE
702 1657 823 1707 CAPITE
850 1657 1022 1708 STANGNO.

341 1815 501 1908 Sequitur
519 1815 611 1886 locus
628 1814 669 1885 de
684 1815 801 1907 Capite
813 1814 967 1906 Stangno
986 1815 1042 1906 qui
1059 1823 1109 1885 est
1123 1821 1212 1885 totus
1232 1815 1358 1886 domini

291 1941 524 2011 Narbonensis
545 1939 806 2033 archiepiscopi,
830 1963 906 2009 cum
925 1940 1116 2010 omnimoda
1127 1940 1359 2033 jurisdictione

291 2065 363 2136 alta
393 2071 428 2136 et
457 2066 575 2154 bassa,
607 2072 642 2135 et
680 2087 773 2135 mero
802 2088 842 2135 ac
871 2065 978 2135 mixto
1006 2065 1147 2158 imperio
1178 2074 1212 2136 et
1241 2066 1359 2158 primis

291 2190 586 2283 appellationibus.

341 2341 386 2411 Et
399 2341 503 2413 habet
524 2340 680 2412 dominus
707 2342 977 2435 archiepiscopus
1005 2344 1041 2411 in
1066 2343 1153 2412 dicto
1186 2342 1257 2413 loco
1282 2365 1359 2434 quae

292 2474 456 2558 sequntur
473 2489 533 2559 per
550 2465 713 2537 ordinem.

342 2617 457 2687 Primo
474 2624 622 2687 castrum
638 2640 737 2687 suum
755 2617 927 2711 proprium
942 2641 1017 2689 cum
1038 2620 1194 2689 annexis,

342 2770 426 2839 Item
445 2768 570 2857 habet,
594 2768 683 2839 infra
703 2777 852 2840 castrum
871 2769 1075 2862 predictum,
1096 2794 1198 2841 unam
1226 2770 1358 2864 cappel-

293 2893 362 2964 lam
378 2894 463 2964 bene
480 2893 628 2964 dotatam
646 2894 811 2975 redditus,
833 2895 886 2965 cui
907 2896 1068 2987 cappellae
1087 2904 1166 2965 sunt
1186 2896 1265 2984 aliae
1283 2896 1360 2967 duae

292 3018 455 3110 cappellae
470 3018 601 3089 rurales
619 3041 775 3107 annexae,
793 3019 919 3090 scilicet
934 3020 1085 3112 cappella
1100 3021 1214 3091 Sancti
1230 3023 1250 3091 J
1253 3020 1359 3092 uliani

199 3212 204 3220 ,
293 3143 334 3212 de
363 3143 466 3213 Curte
493 3142 593 3213 Oliva
624 3152 659 3212 et
685 3143 799 3213 Sancti
826 3144 1001 3214 Saturnini
1020 3144 1060 3214 de
1079 3145 1244 3215 Baissano
1253 3166 1261 3230 3
1284 3167 1361 3235 quae

293 3268 444 3360 cappella
458 3291 535 3338 cum
554 3267 722 3359 praedictis
740 3268 870 3338 ‹lualaus
886 3269 1045 3361 cappellis
1057 3269 1230 3340 consuevit
1246 3267 1361 3339 valere

293 3392 514 3463 communiter
532 3393 713 3484 sexaginta
731 3394 837 3464 libras
852 3402 1064 3466 turonenses.
1240 3376 1244 3387 ¹

344 3545 428 3614 ltem
442 3544 590 3634 invilla,
609 3566 710 3636 prope
721 3553 890 3632 castrum,
907 3568 1012 3614 nuum
1025 3569 1189 3638 magnum
1200 3544 1359 3617 celerium

294 3691 370 3738 cum
390 3667 548 3737 torculari
564 3675 597 3737 et
616 3689 681 3737 uno
702 3677 804 3759 patuo
818 3667 905 3738 dicto
925 3669 1060 3740 cellerio
1078 3669 1259 3760 contiguis

345 3821 429 3891 ltem
454 3820 489 3889 in
509 3818 622 3912 platea
647 3819 759 3908 villae,
781 3820 840 3890 ubi
861 3820 1019 3891 venditur
1038 3821 1193 3905 bladum,
1215 3814 1363 3914 quinque

295 3943 422 4015 boticas
437 3967 513 4014 cum
534 3943 681 4035 quinque
697 3944 830 4014 solariis
844 3944 1002 4037 desuper.

344 4096 426 4165 ltern
455 4095 558 4166 habet
583 4095 742 4184 invilla,
767 4096 802 4164 in
828 4096 898 4166 loco
929 4104 1045 4168 vocato
1067 4097 1213 4167 Planum
1233 4097 1360 4186 castri,

297 4243 400 4291 unam
421 4220 592 4312 botiquam
614 4221 649 4290 in
671 4244 737 4312 qua
752 4221 996 4314 recolliguntur
1016 4221 1156 4295 decima
1181 4229 1215 4293 et
1233 4230 1363 4313 tasquae

297 4343 484 4415 bladorum.
