3308 5430
445 659 486 705 ou
506 638 741 705 n'nncnnrtcnrt
761 656 801 703 nu
822 653 993 704 nunnonrur
1232 641 1271 702 37

679 852 799 922 XXVI

635 1052 679 1102 DE
698 1051 841 1111 ,sumno

254 1238 414 1332 Sequitur
430 1237 523 1308 loeus
534 1236 576 1306 de
594 1235 717 1306 Seiano
737 1234 795 1326 qui
816 1243 867 1305 est
886 1242 975 1306 totus
996 1236 1122 1307 domini
1138 1237 1273 1308 Narbo-

205 1364 320 1436 nensis
344 1362 603 1455 arohiepisoopi‚
632 1384 709 1432 oum
730 1360 921 1432 omnimoda
942 1360 1175 1454 jurisdictione
1202 1362 1273 1432 alta

203 1497 239 1561 et
261 1489 359 1560 bassa
376 1494 410 1560 et
429 1509 521 1557 mero
537 1509 577 1557 ao
591 1486 697 1556 mixto
718 1485 858 1578 imperio
882 1493 916 1556 et
934 1485 1052 1578 primis
1072 1486 1272 1580 appellatio-

204 1614 316 1685 nibus.

252 1766 337 1837 Item
369 1764 473 1835 habet
499 1761 654 1833 dominus
678 1760 947 1856 archiepiscopus
977 1763 1209 1835 Narbonensis
1236 1764 1271 1835 in

203 1889 292 1962 dieto
308 1888 381 1960 Ioco
393 1911 471 1982 quae
489 1894 652 1980 sequntur
662 1909 723 1980 per
740 1885 904 1958 ordinem.

251 2040 367 2111 Primo
387 2045 645 2110 oestrumsuum
664 2037 836 2132 proprium
856 2063 933 2109 oum
951 2041 1108 2112 annexis.
1194 2115 1198 2121 ,

252 2193 336 2262 Item
358 2191 462 2262 habet
486 2190 522 2260 in
543 2191 625 2261 villo
646 2214 751 2261 unum
776 2200 917 2284 potuum
943 2199 1098 2263 vocatum
1116 2194 1195 2264 aula
1214 2195 1272 2266 ubi
1357 2193 1364 2205 ’

203 2323 361 2387 tenentur
375 2314 503 2408 litigia3
525 2322 673 2409 cestrum
691 2314 807 2385 datum
820 2322 872 2388 est
890 2315 933 2386 ad
945 2339 1071 2386 novum
1084 2317 1272 2410 accepitum

203 2462 264 2533 per
284 2439 469 2529 dominum,
493 2462 583 2510 anno
603 2461 683 2524 nxnr
693 2494 1045 2514 ...............
1077 2464 1113 2514 vr
1134 2442 1268 2513 solidos.

253 2593 337 2664 Item
354 2592 458 2663 habet
474 2615 578 2662 unum
597 2592 780 2685 hospitium
811 2593 935 2663 bonurn
964 2594 999 2662 in
1028 2592 1126 2682 villa,
1156 2594 1272 2665 datum

203 2717 247 2788 ad
261 2718 445 2810 aoeapitum
462 2724 500 2787 ut
518 2720 612 2810 prius
631 2718 674 2788 ad
692 2718 839 2810 quinquo
854 2718 988 2789 solidos

252 2871 339 2942 Item
354 2869 390 2940 in
408 2869 643 2940 terminalibus
653 2868 694 2940 de
709 2869 832 2962 Sejauo
849 2869 975 2940 vocatis
993 2871 1029 2941 Iu
1040 2871 1271 2966 Blouqueriu

204 3018 307 3067 unam
337 2996 472 3066 vineam
509 2994 675 3086 propriam
710 2994 824 3064 dotum
854 2995 897 3065 ad
925 2996 1112 3089 occupitum
1146 2999 1270 3091 viginti

204 3130 331 3216 septem
350 3120 531 3191 solidorum
547 3125 581 3189 et
603 3142 662 3190 sex
677 3119 905 3191 denariorum.

252 3276 336 3345 Item
355 3273 459 3343 habet
475 3295 581 3342 unum
600 3277 711 3342 ortum
732 3272 904 3365 proprium
923 3273 1020 3344 iuxta
1033 3274 1163 3365 villam,
1181 3277 1270 3349 idem

202 3407 241 3470 ut
255 3398 370 3492 prius,
393 3396 436 3467 ad
457 3396 636 3468 octodecim
654 3397 821 3468 denarios,

145 3539 149 3545 ’
251 3551 336 3622 Item
361 3549 465 3620 habet
495 3572 599 3620 unum
628 3557 762 3643 pratum
800 3551 971 3644 proprium
1001 3552 1102 3645 juxta
1131 3555 1270 3627 Trilhas

202 3675 368 3747 ecclesiae.

250 3827 335 3897 Item
356 3826 460 3897 habet
477 3849 581 3897 unnm
603 3833 764 3920 stagnum
783 3837 938 3900 vocaturn
964 3830 1005 3902 de
1034 3829 1271 3904 Pisseoaolras

199 3948 302 4019 situm
319 3949 415 4020 iuxta
431 3949 495 4021 iter
515 3949 557 4020 do
576 3951 792 4044 Perpiniano.

246 4101 332 4171 Item
345 4098 449 4171 habet
462 4100 555 4171 aliud
573 4107 757 4194 stangnum
772 4111 927 4176 vocatum
949 4106 990 4179 de
1005 4106 1179 4180 Reoobro.

252 4254 335 4324 Item
351 4252 454 4324 habet
478 4253 587 4326 Iocum
613 4264 768 4325 vocatum
792 4256 834 4328 de
851 4257 1034 4352 Cauqueua
1057 4260 1149 4331 infru
1168 4283 1267 4354 quem

200 4377 309 4449 locum
324 4377 428 4451 habet
444 4378 510 4450 ista
528 4402 604 4472 quoe
619 4387 794 4472 sequntur.
