3308 5430
528 634 570 681 un
590 614 825 681 n'nncunvtcun
845 631 886 679 nn
906 628 1078 680 unnnouun
1319 618 1359 680 ³5

339 784 386 857 Et
412 783 449 854 in
485 779 636 855 ecclesiis
667 777 838 850 ruralibus
874 774 989 861 Sancti
1026 777 1143 849 Jacobi
1172 785 1207 851 et
1244 779 1360 852 Sancti

292 906 470 983 Saturnini
490 904 626 977 situatis
640 904 676 975 in
705 902 941 976 terminalibus
968 901 1009 974 de
1041 903 1159 996 Capite
1183 904 1357 998 Stangno‚

288 1033 445 1106 dominus
484 1028 753 1123 archiepiscopus
793 1027 912 1122 recipit
950 1027 985 1097 in
1022 1027 1092 1099 illis
1124 1027 1361 1101 terminalibus

288 1157 426 1231 tertiam
448 1161 579 1250 partem
603 1153 742 1225 decimae
774 1152 864 1222 bladi
892 1158 926 1223 et
955 1151 1026 1222 vini
1048 1159 1082 1223 et
1111 1153 1291 1224 vestiarius
1318 1151 1361 1224 de

289 1283 451 1357 Cassiano
473 1280 558 1351 duas
590 1285 703 1373 partes
723 1287 757 1349 et
786 1277 877 1349 ultra
904 1276 1113 1370 premitiam,
1147 1285 1181 1348 et
1212 1278 1253 1348 de
1288 1278 1361 1350 oleo

289 1407 445 1479 dominus
458 1403 728 1499 archiepiscopus
747 1401 865 1496 recipit
875 1407 981 1473 totam
991 1403 1144 1475 tascham
1155 1403 1192 1472 in
1201 1403 1361 1497 predictis

291 1530 541 1605 terminalibus.

341 1684 426 1755 Item
443 1682 480 1753 in
498 1680 650 1775 cappella
670 1678 775 1751 rurali
792 1678 907 1750 Sancti
925 1677 1055 1749 Iuliani
1073 1677 1116 1750 de
1130 1678 1306 1772 Lapezano
1317 1654 1363 1750 ¹et

291 1809 328 1880 in
352 1805 586 1880 terminalibus
609 1804 747 1889 eisdem,
769 1803 923 1875 dominus
947 1803 1217 1897 archiepiscopus
1242 1804 1363 1897 recipit

291 1940 398 2006 totam
415 1931 597 2021 decimam,
618 1930 771 2002 tascham
791 1937 826 2001 et
844 1928 1037 2022 premitiam
1055 1928 1097 2000 de
1116 1929 1289 2020 omnibus,
1312 1935 1363 2002 est

293 2057 386 2130 enim
399 2079 534 2130 annexa
548 2078 679 2128 mensae
699 2078 784 2127 suae.

345 2229 430 2300 Item
448 2227 485 2297 in
498 2225 638 2298 ecclesia
656 2225 697 2296 de
715 2224 819 2296 Podio
847 2223 1024 2316 Surigario
1051 2226 1181 2314 omnia,
1206 2225 1360 2314 bladum,

293 2351 424 2440 oleum,
445 2350 680 2442 carnalagium
699 2356 734 2421 et
751 2347 900 2419 ortalitia
919 2347 1118 2420 dividuntur
1136 2350 1172 2418 in
1189 2357 1316 2442 septem
1329 2356 1363 2420 et

296 2485 369 2548 octo
381 2474 535 2569 partibus
546 2482 580 2545 et
593 2473 748 2544 dominus
760 2472 1030 2565 archiepiscopus
1040 2473 1240 2566 recipitocto
1251 2479 1365 2565 partes

296 2608 330 2672 et
359 2608 467 2671 rector
497 2607 625 2692 septem
650 2604 781 2692 partes,
810 2604 844 2669 et
872 2597 906 2666 in
929 2597 1100 2688 aliquibus
1129 2598 1365 2669 terminalibus

295 2725 451 2796 dominus
486 2723 756 2817 archiepiscopus
786 2721 903 2815 recipit
939 2722 1065 2794 scilicet
1108 2723 1144 2793 in
1185 2724 1366 2794 decimario

297 2852 432 2923 Sanctae
466 2849 616 2942 Agathae
641 2849 683 2920 de
714 2848 920 2957 ildivilhano
947 2850 1032 2921 duas
1056 2859 1187 2942 parteS,
1217 2857 1251 2920 et
1275 2848 1366 2942 prior

219 3016 224 3024 -
296 2975 431 3047 tertiam
450 2973 491 3044 de
507 2972 628 3062 blado,
650 2973 730 3053 vino
750 2980 784 3044 et
798 2972 871 3045 oleo
892 2981 1038 3046 tanturn.
1131 3073 1133 3078 ι

347 3145 432 3215 Item
452 3142 487 3214 in
514 3141 655 3215 ecclesia
677 3142 719 3213 de
738 3142 894 3231 Poleriis,
922 3142 1077 3213 dominus
1097 3142 1367 3236 archiepiscopus

299 3267 532 3339 Narbonensis
550 3265 669 3359 recipit
684 3274 828 3359 quatuor
843 3272 956 3358 partes
974 3266 1077 3337 totius
1092 3266 1231 3337 decimae
1245 3265 1367 3336 blado-

300 3416 389 3482 rum,
419 3400 453 3463 et
474 3391 624 3462 canonici
647 3390 760 3462 Sancti
789 3390 953 3484 Stephani
972 3391 1013 3462 de
1036 3391 1199 3462 Narbona
1219 3390 1367 3484 quinque

301 3523 430 3610 partes,
455 3523 489 3588 et
503 3516 651 3586 vicarius
665 3515 816 3602 ecclesiae
831 3516 949 3610 recipit
964 3517 1169 3610 premitiam.

351 3686 435 3757 Item
446 3685 482 3755 in
500 3686 571 3755 loco
582 3685 792 3773 deVillario,
806 3685 961 3756 domiuus
971 3685 1240 3779 archiepiscopus
1252 3685 1371 3778 recipit

301 3811 386 3881 duas
400 3819 514 3906 partes
535 3811 637 3882 totius
661 3810 819 3899 decimae,
843 3818 878 3881 et
895 3810 1035 3904 predicti
1059 3809 1211 3881 canonici
1236 3810 1381 3881 tertiam*

303 3944 433 4028 partem
455 3933 643 4005 bladorum.

353 4082 438 4176 Item
461 4104 579 4176 vinum
605 4105 647 4176 de
677 4104 820 4176 Poleriis
843 4111 878 4176 et
901 4103 1136 4196 carnalagium
1162 4111 1197 4176 et
1217 4105 1318 4176 olivae
1339 4114 1374 4176 et

305 4228 456 4302 ortalitia
468 4229 666 4301 dividuntur
679 4229 716 4301 iu
734 4251 857 4303 novem
874 4237 1006 4324 partes,
1024 4228 1066 4301 de
1080 4230 1202 4323 quibus
1218 4228 1373 4301 dominus

307 4353 424 4447 recipit
441 4362 586 4447 quatuor
600 4363 634 4426 et
659 4354 806 4427 vicarius
839 4354 988 4446 quinque
1015 4361 1146 4447 partes,
1175 4361 1309 4428 tantum
1332 4353 1374 4426 de
