3308 5430
295 607 333 667 11
731 619 824 663 uvam
846 617 926 663 vuur

291 765 432 836 Summa
463 763 565 834 totius
589 763 749 832 frumenti
781 763 930 832 omnium
959 762 1155 855 pernionum
1187 760 1361 854 supradie-

311 900 454 959 'tarum
487 888 703 958 ecclesiarum
712 940 893 958 ........
927 891 961 957 11⁰
986 909 1041 957 um
1068 892 1154 957 sext.
1184 909 1218 957 111
1244 892 1356 977 quart.

293 1013 433 1084 Summa
451 1013 553 1084 totius
571 1012 662 1084 ordei
671 1064 900 1085 ..........
933 1017 979 1083 111c
1004 1034 1076 1083 xxx
1101 1019 1188 1082 sext.
1218 1018 1357 1102 iquart.

815 1358 847 1425 V

620 1559 775 1608 Hontxoln
803 1559 836 1606 IN
863 1557 1039 1607 NARBONA.

342 1740 513 1833 Sequntur
534 1740 694 1833 homagia
712 1764 789 1834 quae
807 1742 893 1811 liunt
907 1740 1041 1810 domino
1063 1740 1312 1833 archiepiscopo
1326 1741 1361 1811 iu

293 1866 465 1937 Narbona.

344 2017 457 2088 Primo
485 2017 640 2088 dominus
660 2019 843 2089 vicecomes
862 2018 1093 2088 Narbonensis
1119 2018 1201 2088 facit
1227 2016 1361 2087 domiuo

293 2142 540 2235 archiepiscopo
559 2143 771 2213 Narbonensi
799 2143 995 2234 homagium
1018 2142 1163 2234 ligerum
1184 2164 1244 2235 pro
1270 2140 1361 2211 mul-

293 2268 336 2338 tis
352 2267 460 2338 feudis
478 2279 511 2337 01
525 2267 681 2338 dominiis
702 2291 778 2360 quaa
798 2275 889 2338 tenet
912 2291 934 2337 a
956 2267 1090 2336 domino
1111 2266 1359 2359 archiepiscopo

294 2392 330 2462 in
342 2393 478 2463 civitate
488 2399 522 2464 et
532 2393 640 2485 burgo
651 2393 834 2480 Narbonae,
848 2400 947 2484 prout
958 2392 993 2461 in
1006 2392 1229 2462 instrumento
1241 2414 1359 2483 recog-

294 2517 430 2588 nitionis
446 2525 480 2588 et
498 2517 649 2610 homagii
664 2519 868 2589 continetur.

343 2671 426 2740 Item
450 2670 642 2740 Bernartius
665 2670 706 2739 do
730 2670 818 2740 Salis
836 2669 1030 2740 domicellus
1058 2669 1138 2739 facit
1164 2668 1361 2760 homagium

291 2794 425 2865 domino
448 2794 695 2888 archiepiscopo
713 2795 926 2865 Narbonensi
950 2817 1009 2886 pro
1038 2794 1150 2864 insula
1172 2799 1289 2888 vocata
1320 2792 1362 2863 de

293 2919 474 3012 Bosqueto‚
498 2921 534 2988 in
555 2919 789 2990 terminalibus
810 2919 851 2990 de
866 2920 1039 2990 Narbona.

342 3072 426 3141 ltem
440 3071 600 3141 Bodotius
618 3070 659 3141 (10
673 3072 809 3164 Sejano,
827 3071 1021 3141 domicellus
1031 3070 1072 3139 de
1087 3069 1262 3157 Narbona,
1281 3068 1362 3138 lacit

292 3193 489 3286 homagium
504 3194 639 3265 domino
654 3195 901 3288 archiepiscopo
920 3193 1131 3264 Narbonensi
1146 3215 1206 3284 pro
1219 3190 1361 3262 macello

293 3319 393 3410 burgi
412 3320 584 3390 Narbonae
605 3328 638 3389 et
659 3343 725 3389 uno
741 3319 884 3411 hospitio
898 3318 984 3388 dicto
1004 3318 1143 3388 macello
1162 3316 1332 3408 contigue.

341 3473 425 3542 Item
446 3472 631 3564 Viguerius
649 3471 786 3564 juvenis
810 3471 851 3541 (10
868 3471 1030 3542 Narbona
1058 3469 1112 3540 vel
1141 3469 1193 3540 sui
1221 3467 1375 3539 heredes.

294 3596 419 3665 faciunt
448 3596 645 3688 homagium
672 3596 806 3666 domino
833 3596 1081 3687 archiepiscopo
1112 3617 1171 3687 pro
1197 3593 1362 3686 garrigua

291 3721 392 3812 plana
414 3721 479 3790 sita
503 3722 595 3791 infra
623 3721 816 3791 terminalia
842 3721 883 3790 dc
911 3720 1097 3805 Narbona3
1132 3726 1247 3789 vacoat
1276 3717 1363 3810 quod

289 3845 474 3937 capitulum
496 3845 610 3916 Sancti
627 3845 790 3937 Stephani
806 3845 921 3916 emita
941 3844 1028 3914 dicto
1053 3842 1218 3935 Viguerio
1239 3851 1273 3912 et
1296 3842 1362 3911 fuit

289 3971 523 4040 amortiuatum
541 3993 600 4063 per
614 3970 809 4060 (lominum,
835 3967 1002 4041 mediante
1019 3977 1132 4039 tamen
1152 3968 1242 4037 bona
1266 3990 1362 4037 com-

291 4095 498 4188 pensatione,
515 4095 669 4166 videlicet
683 4095 859 4189 capitaudo
870 4094 1091 4186 solidos-quos
1104 4092 1251 4163 habebat
1264 4090 1358 4184 capi-

294 4219 402 4290 tulum
423 4220 458 4289 in
473 4219 628 4291 omnibus
649 4243 725 4314 quae
751 4220 956 4313 percipiebat
972 4218 1127 4288 dominus
1146 4215 1252 4310 judex
1282 4215 1361 4284 vin-

294 4345 389 4417 herio
403 4352 437 4416 01
454 4345 598 4416 termino
611 4345 652 4417 (10
673 4345 877 4416 Alaussano.
913 4374 915 4379 ’
