3308 5430
294 661 352 722 134
738 673 828 720 mvnu
849 673 928 719 vuar

290 828 324 892 et
348 818 502 889 deminus
519 817 788 910 archiepiscopus
808 817 906 889 debet
925 819 1036 889 facere
1053 816 1142 910 apud
1160 818 1357 890 Narbonem

290 945 326 1014 iu
343 942 482 1036 prandio
498 942 691 1013 hominibus
706 942 815 1012 solum
831 965 996 1035 expensas
1011 942 1046 1011 in
1066 942 1140 1012 cibo
1160 949 1194 1013 et
1214 951 1307 1035 putu.

340 1105 424 1174 Item
443 1125 558 1174 omnes
579 1101 732 1173 hemines
749 1102 827 1173 dicti
850 1102 912 1172 loci
925 1110 1005 1172 suut
1013 1101 1055 1173 de
1064 1102 1219 1173 districtu
1230 1103 1361 1173 molen-

291 1227 361 1298 dini
380 1226 422 1297 de
440 1226 580 1298 Canete.

342 1390 425 1459 Item
446 1409 562 1457 omnes
583 1386 735 1456 homines
755 1386 833 1458 dicti
853 1387 915 1457 loci
942 1394 1099 1458 tenentur
1119 1394 1297 1481 apportare
1317 1385 1361 1457 ad

292 1511 466 1585 cellarium
476 1510 602 1582 domini
611 1511 663 1581 sui
675 1518 778 1581 totam
787 1511 990 1583 vindemiam
1000 1511 1043 1581 ad
1053 1511 1178 1583 dictum
1187 1511 1360 1583 dominum

293 1638 516 1730 pertinentem
543 1635 614 1706 suis
646 1637 835 1729 sumptibus
872 1644 905 1707 et
937 1636 1112 1729 expensis,
1145 1645 1179 1708 et
1206 1634 1361 1707 domiuus

296 1760 383 1831 nihil
405 1769 538 1831 tenetur
551 1760 600 1830 eis
621 1759 713 1830 dare.

344 1922 427 1991 Item
452 1943 567 1990 omnes
595 1920 747 1991 homiues
771 1920 850 1991 dicti
879 1920 938 1991 loci
964 1929 1122 1992 tenentur
1152 1927 1285 2012 portare
1320 1918 1364 1989 ad

295 2045 456 2138 granaria
487 2044 613 2113 demini
653 2044 705 2114 sui
734 2045 974 2138 archiepiscopi
1006 2054 1112 2115 tetum
1147 2045 1283 2115 bladum
1322 2042 1364 2115 de

295 2168 433 2240 decimis
459 2176 493 2238 et
509 2168 637 2260 tasquis
646 2223 655 2256 ,
677 2177 711 2239 et
728 2169 884 2238 deminus
904 2168 1002 2239 debet
1020 2170 1070 2240 eis
1089 2168 1221 2240 tradere
1237 2191 1360 2239 saccos.

346 2331 428 2399 Item
447 2351 563 2398 omnes
574 2328 814 2399 huminesdicti
826 2329 886 2398 leci
900 2336 1056 2399 tenentur
1071 2328 1228 2399 reducere
1242 2349 1364 2399 navem

297 2454 487 2546 inaquam,
506 2452 640 2545 siaqua
660 2450 839 2524 casualiter
866 2452 990 2523 dictam
1019 2475 1139 2524 navem
1170 2452 1205 2522 in
1234 2461 1364 2546 partem

298 2601 414 2651 eorum
436 2601 535 2670 super
557 2588 680 2649 terram
701 2577 860 2648 dimittat.

348 2740 432 2809 item
453 2760 568 2809 omnes
583 2738 736 2808 hemines
753 2737 831 2808 dieti
848 2738 909 2808 luci
930 2745 1010 2808 sunt
1030 2738 1198 2809 immunes
1221 2759 1242 2807 a
1267 2745 1365 2830 portu

301 2886 410 2935 navis

776 3172 906 3244 CXXV

649 3399 732 3449 mnu
757 3399 800 3448 nu
826 3399 1041 3449 vnuusuuco,

353 3584 523 3676 Sequutur
532 3605 652 3654 census
665 3583 830 3654 annuales
840 3582 918 3653 dicti
929 3582 991 3653 luci
1005 3582 1109 3653 debiti
1121 3606 1210 3654 anno
1220 3583 1370 3676 quelibet

304 3709 438 3780 domiuo
458 3707 706 3801 archiepiscopo
724 3708 951 3778 Narbonensi.

354 3860 469 3930 Primo
507 3859 542 3929 in
581 3859 723 3952 pecunia
747 3867 890 3951 quatuor
916 3858 1046 3946 libras,
1079 3859 1194 3931 decem
1220 3860 1369 3949 solidm,
1458 3946 1461 3951 q

309 3983 463 4056 undecim
482 3984 649 4056 denarius.

355 4139 439 4208 item
460 4135 496 4206 in
511 4136 652 4228 pecunia
670 4134 1098 4228 rationeaffranquamenti
1114 4135 1237 4229 viginti
1252 4135 1370 4207 libras,

357 4291 441 4360 item
462 4311 521 4381 pru
544 4287 688 4381 hospitio
709 4287 750 4358 de
765 4311 852 4359 nove
869 4286 913 4357 ad
931 4287 1118 4380 accapitum
1138 4287 1228 4370 dato,
1251 4286 1373 4380 viginti

310 4413 445 4486 solidos.
