3308 5430
550 656 589 703 nn
611 636 846 704 u'uncssvrtcml
866 655 906 701 nn
927 653 1096 702 unisonus
1298 643 1350 705 lul

339 803 423 873 ltem
461 800 497 869 in
530 798 656 870 eisdem
695 796 932 870 terminalibus
964 797 1082 890 recipit
1114 798 1293 892 soriscapia
1323 808 1358 871 61

288 924 465 997 laudimia.

338 1095 422 1164 Item
459 1092 562 1163 habet
602 1090 758 1162 dominus
792 1089 1061 1183 archiepiscopus
1099 1091 1135 1162 in
1175 1100 1285 1164 castro
1316 1093 1358 1166 de

289 1217 451 1289 Pinciano
464 1225 499 1287 61
520 1215 755 1286 terminalibus
773 1215 936 1286 animalia
951 1224 1071 1286 vocata
1088 1217 1133 1287 616
1156 1218 1319 1313 l’espaoe.

337 1387 422 1457 Item
453 1385 556 1456 babet
580 1384 735 1455 dominus
764 1384 1033 1477 archiepiscopus
1063 1386 1294 1456 Narbonensis
1321 1386 1357 1456 iu

288 1517 399 1581 castro
414 1510 456 1582 de
477 1509 638 1581 Pinciauo
653 1509 767 1602 plures
781 1531 914 1598 census,
936 1507 994 1579 sed
1008 1533 1084 1580 cum
1102 1509 1280 1602 diligentia
1298 1533 1357 1603 per

290 1635 442 1708 bavilum
462 1634 542 1706 dicti
562 1633 625 1705 loci
641 1633 892 1728 perquirantur.

779 1926 873 1997 CXII

608 2154 771 2205 ECCLESIA
796 2154 840 2203 DE
866 2153 1037 2204 PINCIANO.

341 2345 500 2439 Sequitur
507 2344 588 2438 quid
598 2352 632 2415 61
641 2351 807 2437 quantum
816 2351 851 2414 61
860 2344 993 2436 qualem
1006 2345 1191 2438 portionem
1204 2345 1360 2416 dominus

290 2469 561 2564 archiepiscopus
571 2468 803 2540 Narbonensis
814 2469 973 2562 recipitis
985 2469 1172 2541 ecclesiade
1182 2469 1357 2558 Pinciauo,

293 2594 447 2666 videlicet
468 2608 537 2665 tres
562 2601 675 2688 partes
694 2594 843 2665 omnium
861 2595 1029 2664 fructuum
1052 2617 1369 2687 quorumcumque‚·

293 2727 430 2812 excepto
441 2719 591 2790 manuali
602 2718 689 2811 quod
699 2726 751 2789 est
761 2718 911 2804 rectoris,
925 2728 959 2789 61
968 2728 1077 2790 rector
1088 2719 1204 2813 recipit
1214 2719 1361 2812 quinquo

293 2852 419 2937 partes

343 3011 426 3080 Item
451 3010 486 3079 in
507 3008 638 3079 duabus
665 3008 812 3080 ecclesiis
840 3008 1021 3101 ruralibus
1039 3011 1184 3081 annexis
1213 3010 1363 3082 ecclesiae

294 3134 335 3205 do
367 3134 528 3204 Pinciano
557 3132 711 3203 videlicet
745 3134 778 3202 iu
817 3133 957 3204 ecclesia
994 3135 1082 3205 beati
1112 3134 1290 3206 Michaelis
1321 3135 1363 3206 de

294 3258 436 3329 Valusio
454 3266 488 3330 et
508 3259 596 3330 beati
615 3259 731 3329 Jacobi
750 3258 790 3329 de
812 3258 964 3346 Auseda,
983 3267 1103 3329 totum.

343 3429 426 3498 llem
443 3427 478 3496 in
500 3426 735 3499 terminalibus
752 3426 793 3498 de
815 3425 905 3497 ultra
924 3426 1018 3498 Colla
1036 3427 1077 3499 de
1098 3429 1203 3498 Bosco
1218 3435 1252 3498 et
1272 3428 1362 3498 ultra

294 3552 436 3624 fluvium
459 3551 593 3622 Atassis
608 3558 714 3621 totam
733 3550 910 3623 decimam.

345 3723 428 3792 ltem
450 3720 485 3790 in
504 3721 644 3792 ecclesia
661 3720 766 3792 rurali
782 3721 900 3793 Beatae
915 3721 1037 3793 Mariae
1055 3721 1097 3793 de
1115 3721 1243 3793 Alsono
1258 3729 1363 3792 totam

296 3846 460 3918 decimam
478 3853 512 3916 et
533 3845 568 3915 in
588 3854 657 3916 1616
676 3845 820 3916 termino
838 3845 989 3938 ejusdem
1006 3846 1144 3938 agreria
1159 3854 1193 3917 et
1205 3854 1361 3938 tasquas,

296 3979 465 4058 tersones,
486 3977 662 4063 quartum,
684 3969 852 4062 quintum.

346 4141 430 4211 ltem
464 4139 581 4232 recipit
615 4138 771 4210 dominus
796 4138 1066 4232 archiepiscopus
1090 4140 1125 4210 in
1153 4139 1293 4212 ecclesia
1323 4140 1364 4210 de

299 4264 517 4336 Marcelhano
553 4271 587 4335 et
613 4263 848 4335 terminalibus
877 4264 1010 4335 tertiam
1050 4274 1179 4357 partem
1213 4264 1362 4335 omnium

298 4391 467 4460 fructuum
486 4399 520 4460 61
541 4395 708 4475 tersoneS,
730 4395 906 4481 quartum,
924 4389 1092 4481 quintum.
