3308 5430
527 641 569 688 nn
589 620 824 689 n’aucunvbcnn
844 636 886 684 nn
905 633 1077 685 00000000
1319 618 1357 680 67

337 787 452 859 Primo
483 785 624 858 eeclesia
651 784 694 857 de
721 782 899 858 Totovolio
924 781 1023 854 debet
1048 779 1090 852 de
1118 802 1221 853 censu
1253 799 1359 850 unum

288 910 468 985 sestarium
486 909 551 982 olei
570 908 614 980 ad
631 930 826 981 mensuram
842 907 1112 980 Narbonensem.

338 1064 422 1135 Item
448 1061 589 1134 ecclesia
615 1060 656 1132 ‹le
683 1060 773 1132 Vino
796 1057 913 1132 Gradu
938 1058 1037 1131 debet
1059 1058 1102 1130 de
1125 1080 1228 1131 oensu
1250 1081 1358 1131 unum

289 1188 469 1261 sestarium
489 1187 555 1260 olei
572 1185 616 1257 ad
635 1208 831 1258 mensuram
850 1184 1121 1257 Narbonensem.

339 1342 423 1413 Item
442 1340 479 1411 in
495 1345 606 1412 castro
623 1338 665 1410 de
684 1337 821 1431 Solagio
843 1336 962 1431 recipit
983 1336 1140 1408 dominus
1167 1335 1359 1430 archiepis·

288 1487 393 1560 copus
408 1463 451 1538 de
469 1486 572 1536 sensu
593 1463 741 1556 quinque
759 1462 950 1556 quarterias
968 1484 1089 1534 aveuae
1106 1484 1215 1534 rasas.

341 1616 425 1688 Item
442 1616 479 1686 in
497 1615 613 1687 eodem
631 1614 703 1686 1000
724 1615 872 1706 quinque
892 1612 1088 1706 gallinatos.

324 1769 425 1840 'Item
439 1766 476 1838 10
493 1772 604 1838 castro
621 1764 663 1837 de
684 1766 837 1836 Massaeo
856 1773 925 1836 tres
939 1764 1088 1858 gallinas
1103 1763 1291 1836 censuales,

293 1980 296 1985 .
341 1921 426 1991 Item
446 1920 483 1990 in
502 1919 574 1991 1000
594 1918 636 1990 de
654 1918 779 1990 Arohis
801 1917 843 1988 de
862 1940 965 1990 oensu
988 1923 1060 1988 octo
1085 1916 1208 1989 solidos
1235 1923 1363 2011 septem

293 2043 464 2116 denarios.
577 2102 582 2111 .

344 2196 428 2268 Item
457 2196 495 2266 in
523 2195 593 2266 1000
616 2194 658 2267 de
676 2195 794 2266 Castro
823 2195 945 2265 Mauro
973 2192 1077 2264 habet
1105 2193 1163 2287 [in]
1193 2192 1364 2285 aliquibus

295 2321 460 2392 mensotis
490 2327 524 2392 et
553 2319 790 2392 terminalibus
810 2319 973 2413 agreria,
1007 2318 1186 2411 foriscapia
1217 2324 1252 2390 et
1286 2318 1366 2389 lau·

294 2446 423 2536 dimia,
446 2468 535 2517 nuno
552 2451 603 2517 est
618 2444 756 2516 baviliae
772 2443 815 2516 de
835 2442 970 2516 Seiano.

344 2599 428 2671 Item
449 2599 485 2668 in
503 2597 619 2670 eodem
640 2597 712 2668 loeo
732 2604 801 2668 tres
819 2602 1001 2689 quartones
1022 2595 1087 2666 olei
1110 2594 1297 2669 censuales

803 2963 863 3033 LII

603 3189 647 3239 DE
672 3187 856 3246 ALIQUIBUS
881 3186 1059 3241 necessus.

347 3399 517 3492 Sequntur
534 3397 685 3471 eeclesiae
714 3420 791 3492 quae
821 3397 949 3470 faciunt
978 3397 1079 3469 annis
1108 3395 1254 3491 singulis
1279 3417 1368 3491 pen-

297 3522 425 3595 tionem
445 3523 482 3594 in
502 3531 614 3596 castro
632 3523 737 3596 Villae
759 3523 906 3595 Rubeae.

347 3669 463 3748 Primo
482 3675 623 3748 eeclesia
640 3675 683 3748 de
697 3675 867 3748 Tuissano
885 3698 991 3747 unum
1010 3674 1192 3749 sestarium
1207 3675 1371 3747 frumenti

299 3808 334 3871 et
354 3823 459 3872 unum
478 3801 658 3873 sestarium
678 3799 784 3873 ordei.

350 3954 433 4024 Item
453 3953 594 4025 ecclesia
613 3952 656 4024 de
675 3952 847 4025 Alanhelo
877 3974 982 4025 unum
1006 3954 1187 4028 sestarium
1210 3952 1373 4026 frumenti

302 4087 336 4149 et
351 4102 457 4150 unum
472 4079 653 4151 sestarium
669 4078 775 4151 ordei.

353 4229 437 4300 Item
469 4228 609 4300 eeclesia
639 4228 682 4301 de
711 4228 855 4300 Salsano
874 4251 981 4301 unum
1004 4228 1185 4302 sestarium
1211 4227 1372 4301 frumenti

304 4387 340 4451 et
357 4402 462 4451 unum
482 4380 663 4453 sestarium
682 4378 789 4453 ordei.
