3308 5430
734 669 825 717 uum
847 668 927 717 vuar

776 839 891 910 LXXI

673 1056 756 1106 lrnM
781 1056 825 1107 DE
850 1056 993 1107 GlNOLlS.

338 1243 509 1334 Sequntur
524 1262 644 1313 census
658 1238 823 1310 annuales
840 1237 943 1309 debiti
958 1237 1093 1309 domino
1107 1237 1357 1332 archiepiscopo

290 1365 516 1436 Narbonensi.

339 1517 455 1587 Primo
487 1517 523 1586 in
553 1515 695 1610 pecunia
726 1513 767 1586 de
802 1536 904 1585 censu
936 1513 1184 1608 quinquaginta
1209 1513 1358 1607 quinque

292 1641 427 1713 solidos.

340 1794 424 1865 ltem
439 1815 499 1886 pro
517 1800 636 1884 questa
654 1791 794 1864 annuali
810 1814 870 1864 sex
889 1791 994 1863 libras
1007 1791 1123 1864 deoem
1137 1790 1271 1863 solidos.

340 1946 426 2017 Item
440 1945 481 2015 de
495 1945 665 2016 frumento
680 1966 801 2016 novem
820 1943 975 2015 sestaria.

342 2088 427 2159 Item
444 2088 486 2160 de
505 2109 649 2158 arraona
669 2093 704 2158 et
729 2109 838 2158 avena
865 2085 1013 2178 quinque
1043 2084 1187 2158 sestaria
1210 2084 1360 2157 eminam

293 2214 377 2285 duas
395 2213 565 2306 pomerias.

343 2367 427 2437 Item
441 2363 483 2436 de
501 2364 580 2434 vino
600 2362 666 2433 duo
686 2361 809 2434 modia.

343 2518 427 2588 Item
443 2515 590 2610 gallinas
605 2519 762 2607 quatuor.

343 2669 428 2740 Item
443 2668 546 2791 habet
560 2667 698 2759 agreria
711 2664 753 2737 de
768 2664 885 2755 blada,
902 2664 981 2736 vino
996 2672 1031 2738 et
1045 2664 1158 2736 olivis.

344 2822 429 2892 nem
450 2793 613 2890 lauuma
629 2826 664 2889 a
684 2818 875 2911 foriscapia.

343 2973 428 3044 Item
442 2971 571 3042 curiam
586 2970 804 3064 temporalem
818 2994 894 3042 cum
909 2969 1064 3059 annania,
1082 2969 1208 3041 scilieet
1221 2991 1362 3062 compo-

295 3096 473 3168 sitionibus
495 3104 529 3167 et
548 3095 711 3166 emendis.

345 3254 429 3325 Item
448 3251 628 3323 notariam.

345 3406 430 3475 Item
451 3425 566 3474 omnes
582 3401 736 3473 homines
750 3401 829 3472 dieti
844 3400 906 3471 loci
922 3406 1080 3473 tenentur
1098 3400 1208 3472 faeere
1225 3399 1363 3472 domino

295 3527 568 3620 archiepiscopo,
592 3525 627 3595 in
647 3526 797 3596 novitate
816 3548 879 3596 sua
893 3534 927 3596 et
941 3524 1040 3596 toties
1055 3524 1185 3617 quot-ies
1201 3515 1360 3614 voluerit,

298 3657 547 3722 sacramentum
564 3649 749 3722 fidelitatis.

762 3897 894 3969 LXXII

700 4116 744 4166 DE
770 4115 972 4166 CODUNCHIS.

347 4298 507 4391 Sequitur
541 4299 633 4369 loeus
667 4298 708 4369 de
740 4297 928 4369 Codunehis
966 4298 1063 4391 cujus
1104 4298 1166 4368 loci
1202 4297 1366 4370 medietas

295 4422 539 4518 jurisdictionis
557 4423 638 4495 altae
656 4430 690 4496 et
715 4424 824 4496 bassae
846 4446 923 4495 cum
946 4422 1064 4516 primis
1083 4422 1366 4518 appellationibus
