3308 5430
298 625 355 686 ter
752 637 846 684 urina
868 637 947 684 vaur

343 785 426 855 Item
453 782 594 854 vetitum
624 781 694 852 vini
722 806 743 852 a
773 782 858 854 sesto
888 782 1002 854 Sancti
1029 784 1171 855 Joanuis
1197 784 1364 877 usquead

293 909 417 981 festum
441 907 692 1000 Assumptionis
712 907 831 979 Beatae
849 907 985 977 Mariae.

343 1062 428 1130 Item
446 1057 575 1152 pondus
593 1058 703 1151 panis.

343 1213 425 1283 Item
445 1209 640 1295 macellurn3
665 1207 819 1279 videlicet
837 1207 971 1300 quando
995 1209 1084 1301 porci
1111 1209 1308 1281 occiduntur
1329 1218 1365 1282 et

293 1335 420 1406 habent
443 1334 664 1426 sanguinem,
689 1332 843 1403 domiuus
869 1333 1138 1427 archiepiscopus
1166 1334 1285 1428 recipit
1317 1336 1367 1404 los

294 1460 449 1530 izorrables
470 1478 666 1552 porcorurn;
685 1468 719 1526 ot
739 1458 767 1526 si
788 1478 855 1527 non
875 1456 1001 1528 habent
1029 1458 1245 1551 sanguinem,
1275 1458 1363 1531 nihil

293 1584 425 1676 recipit.

345 1736 426 1805 Item
443 1732 547 1805 habet
570 1733 726 1804 dominus
749 1724 1019 1827 archiepiscopus
1038 1732 1073 1803 in
1097 1741 1167 1805 toto
1194 1733 1365 1807 territorio

291 1858 333 1931 de
363 1858 489 1930 Caneto
523 1858 737 1929 venationem
762 1857 993 1928 cuniculorum
1021 1866 1055 1927 ot
1084 1857 1255 1950 perdicum
1287 1881 1366 1952 quoe

291 1982 466 2067 venditur;
489 1983 537 2052 ita
552 1981 640 2074 quod
655 1980 769 2051 nullus
783 2003 887 2052 ausus
904 1997 956 2052 est
973 2003 1093 2074 capere
1113 1981 1285 2053 cuniculos
1301 2006 1364 2054 nec
1458 2036 1463 2043 -

292 2106 440 2200 perdices
465 2107 528 2177 sub
547 2129 634 2199 pena
648 2105 829 2198 sexaginta
850 2105 1043 2195 solidorum,
1071 2106 1136 2175 nisi
1163 2105 1204 2177 de
1225 2105 1363 2178 licentia

292 2231 432 2303 domini.

341 2386 424 2456 Item
445 2384 546 2454 habet
560 2383 715 2454 dominus
728 2382 784 2475 [ct]
799 2388 904 2453 rector
924 2383 958 2451 in
974 2382 1124 2474 qualibet
1137 2382 1257 2475 copula
1268 2405 1362 2476 nup-

293 2510 415 2579 tiarum
433 2508 578 2578 medium
594 2508 802 2599 quarterium
824 2507 983 2594 nitrionis,
1007 2529 1066 2577 sex
1081 2506 1238 2578 denarios
1255 2508 1360 2599 porci,

289 2632 468 2703 dividenda
488 2633 575 2701 inter
593 2631 683 2723 ipsos
703 2633 799 2723 equis
818 2632 983 2724 partibus.

782 2915 877 2986 CXV

603 3128 605 3131 ’
667 3141 750 3191 iram
775 3142 819 3190 nn
844 3111 990 3192 cunero.

340 3326 511 3417 Sequntur
529 3324 708 3396 servitutes
737 3348 777 3395 ac
802 3323 942 3394 servitia
969 3345 1054 3415 quas
1075 3328 1110 3393 et
1136 3346 1214 3415 quae
1234 3322 1364 3394 faciunt

291 3472 380 3518 anno
401 3449 550 3542 quolibet
565 3456 684 3540 gentes
710 3449 750 3518 de
772 3448 898 3517 Caneto
924 3446 1057 3516 domino
1086 3469 1146 3517 suo
1173 3447 1362 3541 archiepis-

291 3595 372 3665 copo
392 3573 618 3644 Narbonensi.

343 3725 455 3794 Primo
475 3724 641 3810 boeria1n3
664 3746 778 3794 omnes
801 3722 954 3794 homines
976 3721 1018 3792 de
1045 3721 1171 3793 Caueto
1197 3722 1363 3795 habentes

295 3849 489 3943 [animalia]
525 3857 682 3922 tenentur
719 3850 828 3920 facere
854 3847 989 3918 domino
1021 3869 1083 3918 suo
1115 3844 1362 3940 archiepiscopo

291 3998 381 4047 anno
411 3974 560 4066 quolibet
585 3997 690 4044 unum
716 3972 851 4066 jornale
887 3971 928 4042 de
954 3976 1068 4041 aratro
1097 3970 1132 4040 in
1162 3969 1363 4041 condamina

292 4123 371 4187 sua,
399 4106 433 4169 et
449 4099 603 4169 dominus
623 4097 894 4190 archiepiscopus
913 4102 1047 4166 tenetur
1076 4096 1125 4166 eis
1154 4095 1265 4167 facere
1295 4117 1361 4167 ex-

292 4247 414 4319 pensas
435 4224 470 4293 in
491 4230 570 4315 potu
588 4230 621 4294 et
636 4223 722 4292 cibo.

342 4378 427 4448 ltem
457 4373 510 4446 illi
535 4374 592 4466 qui
617 4396 681 4444 non
708 4372 835 4444 habent
856 4372 958 4444 boves
986 4371 1227 4465 cujuscumque
1252 4376 1361 4442 status
