3308 5430
549 626 589 672 na
609 608 845 674 u'mcnnvtcmt
866 626 906 674 nn
927 623 1095 674 unuoouun
1316 615 1355 675 89

339 774 423 844 Item
444 770 625 842 notarIam.

339 924 423 994 Item
443 944 560 993 omnes
579 920 733 992 homines
746 919 825 992 dicti
844 921 907 993 loci
926 927 1084 994 tenentur
1099 922 1209 994 facere
1222 922 1356 995 domino

290 1070 351 1119 suo
387 1045 658 1140 archiepiscopo,
690 1045 725 1115 in
759 1045 909 1117 novitate
940 1069 1002 1117 sua
1031 1053 1065 1118 et
1094 1048 1193 1120 toties
1226 1049 1357 1141 quoties

290 1172 453 1260 voluerit,
475 1177 723 1242 sacramentum
744 1169 930 1242 fidelitatis.

751 1426 901 1498 LXXVI

714 1626 758 1676 DE
793 1626 943 1678 VOLUDA.

341 1802 502 1896 Sequitur
522 1802 613 1874 locus
633 1801 674 1873 de
693 1800 827 1873 Voluda
846 1802 904 1895 qui
923 1807 975 1872 est
990 1808 1081 1873 totus
1098 1802 1225 1873 domini
1245 1801 1361 1874 archi-

292 1927 438 2021 episcopi
466 1927 698 1999 Narbonensis
718 1950 794 1997 cum
815 1926 1007 1998 omnimoda
1030 1927 1264 2022 jurisdictione
1289 1928 1360 2000 alta

292 2060 326 2122 et
345 2050 445 2123 bassa
463 2059 497 2122 et
512 2074 604 2123 mero
622 2074 662 2122 ac
680 2051 785 2122 mixto
804 2051 944 2143 imperio
964 2074 1003 2122 ac
1018 2051 1136 2144 primis
1154 2052 1359 2145 appellatio-

294 2177 407 2247 nibus.

342 2329 425 2399 Item
447 2327 550 2400 habet
570 2329 606 2397 in
626 2327 714 2398 dicto
735 2328 805 2399 loco
826 2351 904 2420 quae
925 2335 1088 2421 sequntur
1113 2351 1173 2423 per
1191 2328 1356 2402 ordinem.

342 2478 456 2548 Primo
477 2479 512 2548 in
531 2478 672 2572 pecunia
694 2479 735 2550 de
755 2502 858 2550 censu
874 2480 1018 2572 triginta
1038 2488 1182 2572 quatuor
1196 2480 1332 2552 solidos.

342 2629 428 2699 Item
447 2628 488 2699 de
507 2628 678 2700 frumento
696 2628 762 2700 tria
783 2628 938 2700 sestaria.

344 2781 427 2850 Item
447 2779 488 2851 ‹Ie
506 2802 616 2851 avena
637 2787 710 2851 octo
727 2781 871 2852 sestaria
889 2803 980 2853 rasa.

343 2931 428 3002 Item
453 2930 601 3023 gallinas
628 2931 671 3003 dc
697 2955 799 3003 censu
831 2932 1024 3005 octodecim.

343 3084 427 3153 Item
443 3105 508 3153 ova
526 3084 733 3175 gallinarum
747 3084 788 3155 de
804 3107 907 3156 censu
921 3085 1162 3179 quadraginta.

343 3235 429 3304 Item
444 3234 590 3326 quinque
609 3235 754 3305 carteria
772 3236 925 3306 carnium
947 3236 1115 3308 salsarum
1135 3236 1178 3310 de
1195 3260 1309 3310 censu.

345 3386 428 3455 Item
450 3385 587 3478 agreria
608 3386 644 3454 in
665 3386 819 3479 pluribus
840 3387 922 3458 locis
941 3396 975 3458 ot
995 3387 1116 3481 pratis.

345 3536 430 3605 Item
448 3535 626 3628 soriscapia
639 3543 674 3607 et
688 3536 861 3607 laudimia.

345 3687 430 3756 Item
444 3687 574 3756 curiam
589 3689 808 3780 temporalem
819 3710 896 3759 cum
911 3688 1069 3779 annexis,
1090 3689 1217 3762 scilicet
1229 3714 1365 3785 compo-

298 3811 477 3881 sitionibus
492 3820 525 3881 et
544 3811 706 3882 emendis

346 3964 431 4033 Item
449 3963 630 4033 notariam.

349 4114 430 4184 Item
445 4136 562 4184 omues
580 4114 734 4186 homines
752 4115 831 4186 dicti
850 4116 913 4186 loci
932 4123 1090 4190 tenentur
1107 4119 1218 4190 facere
1231 4119 1366 4190 domino

300 4261 360 4308 suo
394 4238 664 4332 archiepiscopo,
701 4241 737 4311 in
766 4241 916 4313 novitate
947 4264 1009 4314 sua
1041 4251 1075 4316 et
1104 4243 1203 4315 toties
1235 4245 1366 4336 quoties

301 4364 466 4453 voluerit,
491 4373 738 4437 sacramentum
756 4365 941 4438 fidelitatis.
