3308 5430
527 686 568 732 nn
588 666 823 733 t’nncnnvtcun
844 685 885 732 nn
905 683 1075 735 prunorum
1297 672 1355 733 445

766 936 875 1007 CVIII

670 1172 753 1223 ITEM
768 1173 811 1222 on
826 1171 972 1224 LIMOSIO.

339 1365 509 1465 Sequntnr
549 1395 670 1481 census
716 1373 881 1477 annuales
927 1372 1030 1444 debiti
1081 1394 1170 1443 anno
1207 1371 1357 1464 quolibet

288 1496 423 1567 domino
451 1495 700 1589 archiepiscopo
724 1497 950 1568 Narbonensi.

337 1646 452 1717 Primo
473 1647 509 1716 in
524 1647 665 1739 pecunia
685 1647 808 1740 viginti
822 1655 891 1718 tres
905 1648 1023 1736 librae,
1044 1649 1192 1740 quinque
1212 1647 1353 1730 solidos,

289 1779 362 1843 octo
378 1771 548 1858 denarios,
571 1795 673 1842 unam
691 1773 879 1865 pogesiam.

339 1926 423 1995 Item
441 1924 482 1995 de
514 1924 683 1994 frumento
710 1924 754 1994 ad
787 1947 980 1996 mensuram
1017 1925 1208 2026 censualem
1232 1925 1357 2019 viginti

290 2048 357 2118 tria
377 2048 532 2118 sestaria.
594 2142 601 2153 .

339 2202 421 2270 Item
443 2189 484 2270 de
512 2200 612 2272 ordeo
644 2201 824 2292 sexaginta
842 2225 948 2271 unum
969 2203 1167 2292 sestarium,
1186 2202 1354 2293 eminam,

290 2325 374 2396 duas
393 2325 548 2418 ponerias
569 2334 603 2396 et
618 2325 776 2396 mediam.

339 2478 423 2548 Item
444 2494 547 2547 unam
565 2476 744 2568 gallinam.

273 2648 276 2652 ·
339 2628 423 2699 Item
438 2650 541 2698 unam
561 2627 683 2698 libram
701 2650 801 2699 oerae.

331 2779 423 2850 Item
436 2778 584 2871 quinque
605 2778 701 2871 paria
720 2777 990 2850 chirothecarum
1008 2778 1050 2850 de
1067 2801 1182 2851 censo.

339 2931 421 3002 Item
445 2930 549 3002 habet
576 2929 713 3022 agreria
746 2939 780 3002 et
819 2938 958 3021 tasqnas
991 2930 1027 3000 in
1060 2930 1169 3001 bladis
1198 2937 1232 3002 et
1267 2930 1357 3003 vinis

290 3053 327 3124 in
357 3055 592 3126 terminalibus
624 3054 665 3125 cle
693 3055 851 3125 Flesiano
884 3064 918 3126 et
949 3055 1124 3147 Lugello,
1161 3064 1195 3126 et
1222 3056 1359 3149 dempta

290 3177 353 3247 sub
377 3178 606 3264 iurisdictione
626 3179 721 3270 regia
742 3187 776 3249 et
796 3178 922 3249 domini
948 3178 990 3251 de
1021 3179 1174 3249 Axelano
1204 3178 1358 3250 domino-

291 3325 368 3371 rum
384 3303 525 3373 Limosi.

340 3455 422 3523 Item
454 3453 572 3545 recipit
610 3455 645 3522 in
679 3453 804 3524 eisdem
844 3452 1079 3524 terminalibus
1112 3453 1291 3547 foriscapia
1324 3460 1359 3524 et

291 3575 465 3647 landimia.

339 3728 422 3799 Item
461 3727 563 3799 habet
595 3729 643 3799 ibi
678 3728 807 3799 curiam
828 3729 1039 3822 spiritualem
1068 3752 1144 3800 cum
1178 3730 1355 3817 annexiS,

291 3849 416 3922 scilicet
430 3853 725 3945 compositionibus
742 3862 776 3924 et
790 3852 953 3925 emendis.

340 4004 422 4074 Item
438 4004 589 4096 sigillum
607 4027 683 4074 cum
703 4026 790 4096 pena
804 4027 892 4075 cerae
910 4017 945 4074 et
961 4003 1039 4074 aliis
1058 4005 1330 4076 obventionibus.

339 4156 423 4225 Item
443 4154 608 4225 notariam
631 4178 708 4247 quae
740 4155 819 4225 facit
851 4154 984 4224 domino
1010 4155 1260 4249 archiepiscopo
1281 4156 1358 4225 sin-

291 4278 382 4370 guhs
400 4279 522 4373 [annis]
542 4279 770 4372 quadraginta
790 4288 897 4350 scuta.

340 4431 424 4501 Item
440 4429 597 4501 dominus
615 4430 743 4502 conlert
762 4430 893 4502 scholas
912 4430 1018 4501 dictae
1029 4430 1134 4502 villae.
