<?xml version="1.0" encoding="UTF-8"?>
<!DOCTYPE html PUBLIC "-//W3C//DTD XHTML 1.0 Transitional//EN"
    "http://www.w3.org/TR/xhtml1/DTD/xhtml1-transitional.dtd">
<html xmlns="http://www.w3.org/1999/xhtml" xml:lang="en" lang="en">
 <head>
  <title>
</title>
<meta http-equiv="Content-Type" content="text/html;charset=utf-8" />
  <meta name='ocr-system' content='tesseract 3.04.00' />
  <meta name='ocr-capabilities' content='ocr_page ocr_carea ocr_par ocr_line ocrx_word'/>
</head>
<body>
  <div class='ocr_page' id='page_1' title='image "./livrevertdelarc00fragoog_0133.png"; bbox 0 0 3308 5430; ppageno 0'>
   <div class='ocr_carea' id='block_1_1' title="bbox 303 622 938 682">
    <p class='ocr_par' dir='ltr' id='par_1_1' title="bbox 303 622 938 682">
     <span class='ocr_line' id='line_1_1' title="bbox 303 622 938 682; baseline 0 0"><span class='ocrx_word' id='word_1_1' title='bbox 303 622 342 682; x_wconf 83' lang='lat' dir='ltr'>oo</span> <span class='ocrx_word' id='word_1_2' title='bbox 747 634 837 681; x_wconf 77' lang='lat' dir='ltr'>rimu</span> <span class='ocrx_word' id='word_1_3' title='bbox 859 634 938 682; x_wconf 84' lang='lat' dir='ltr'>vmr</span> 
     </span>
    </p>
   </div>
   <div class='ocr_carea' id='block_1_2' title="bbox 297 779 1370 997">
    <p class='ocr_par' dir='ltr' id='par_1_2' title="bbox 297 779 1370 997">
     <span class='ocr_line' id='line_1_2' title="bbox 347 779 1370 874; baseline 0.001 -23"><span class='ocrx_word' id='word_1_4' title='bbox 347 780 430 851; x_wconf 77' lang='lat' dir='ltr'>ltsm</span> <span class='ocrx_word' id='word_1_5' title='bbox 444 802 565 851; x_wconf 85' lang='lat' dir='ltr'>census</span> <span class='ocrx_word' id='word_1_6' title='bbox 580 779 733 851; x_wconf 80' lang='lat' dir='ltr'>carnium</span> <span class='ocrx_word' id='word_1_7' title='bbox 748 780 914 852; x_wconf 82' lang='lat' dir='ltr'>salsorum</span> <span class='ocrx_word' id='word_1_8' title='bbox 928 780 1053 852; x_wconf 81' lang='lat' dir='ltr'>multas</span> <span class='ocrx_word' id='word_1_9' title='bbox 1068 781 1177 874; x_wconf 81' lang='lat' dir='ltr'>petias</span> <span class='ocrx_word' id='word_1_10' title='bbox 1191 789 1226 853; x_wconf 88' lang='lat' dir='ltr'>et</span> <span class='ocrx_word' id='word_1_11' title='bbox 1240 779 1370 852; x_wconf 83' lang='lat' dir='ltr'>medius</span> 
     </span>
     <span class='ocr_line' id='line_1_3' title="bbox 297 902 1193 997; baseline 0.004 -25"><span class='ocrx_word' id='word_1_12' title='bbox 297 903 426 995; x_wconf 80' lang='lat' dir='ltr'>peties3</span> <span class='ocrx_word' id='word_1_13' title='bbox 453 902 568 974; x_wconf 82' lang='lat' dir='ltr'>valent</span> <span class='ocrx_word' id='word_1_14' title='bbox 588 925 704 974; x_wconf 91' lang='lat' dir='ltr'>omnes</span> <span class='ocrx_word' id='word_1_15' title='bbox 725 904 813 975; x_wconf 81' lang='lat' dir='ltr'>circa</span> <span class='ocrx_word' id='word_1_16' title='bbox 833 902 916 975; x_wconf 89' lang='lat' dir='ltr'>duos</span> <span class='ocrx_word' id='word_1_17' title='bbox 937 926 1053 997; x_wconf 88' lang='lat' dir='ltr'>porcos</span> <span class='ocrx_word' id='word_1_18' title='bbox 1073 905 1193 976; x_wconf 85' lang='lat' dir='ltr'>salsos.</span> 
     </span>
    </p>
   </div>
   <div class='ocr_carea' id='block_1_3' title="bbox 348 1052 1233 1148">
    <p class='ocr_par' dir='ltr' id='par_1_3' title="bbox 348 1052 1233 1148">
     <span class='ocr_line' id='line_1_4' title="bbox 348 1052 1233 1148; baseline 0.003 -25"><span class='ocrx_word' id='word_1_19' title='bbox 348 1055 431 1124; x_wconf 83' lang='lat' dir='ltr'><strong>Item</strong></span> <span class='ocrx_word' id='word_1_20' title='bbox 452 1053 571 1147; x_wconf 77' lang='lat' dir='ltr'>recipit</span> <span class='ocrx_word' id='word_1_21' title='bbox 592 1052 715 1125; x_wconf 85' lang='lat' dir='ltr'>ibidem</span> <span class='ocrx_word' id='word_1_22' title='bbox 737 1054 864 1126; x_wconf 84' lang='lat' dir='ltr'>multos</span> <span class='ocrx_word' id='word_1_23' title='bbox 883 1055 1038 1148; x_wconf 83' lang='lat' dir='ltr'>fogassas</span> <span class='ocrx_word' id='word_1_24' title='bbox 1057 1054 1099 1127; x_wconf 89' lang='lat' dir='ltr'>de</span> <span class='ocrx_word' id='word_1_25' title='bbox 1116 1077 1233 1127; x_wconf 86' lang='lat' dir='ltr'>censu.</span> 
     </span>
    </p>
   </div>
   <div class='ocr_carea' id='block_1_4' title="bbox 349 1204 1238 1300">
    <p class='ocr_par' dir='ltr' id='par_1_4' title="bbox 349 1204 1238 1300">
     <span class='ocr_line' id='line_1_5' title="bbox 349 1204 1238 1300; baseline 0.004 -25"><span class='ocrx_word' id='word_1_26' title='bbox 349 1205 433 1275; x_wconf 88' lang='lat' dir='ltr'>item</span> <span class='ocrx_word' id='word_1_27' title='bbox 451 1204 555 1276; x_wconf 83' lang='lat' dir='ltr'>habet</span> <span class='ocrx_word' id='word_1_28' title='bbox 572 1205 609 1275; x_wconf 95' lang='lat' dir='ltr'>in</span> <span class='ocrx_word' id='word_1_29' title='bbox 625 1205 714 1278; x_wconf 90' lang='lat' dir='ltr'>dicto</span> <span class='ocrx_word' id='word_1_30' title='bbox 732 1206 803 1277; x_wconf 91' lang='lat' dir='ltr'>loco</span> <span class='ocrx_word' id='word_1_31' title='bbox 823 1205 949 1300; x_wconf 85' lang='lat' dir='ltr'>cridem</span> <span class='ocrx_word' id='word_1_32' title='bbox 970 1216 1006 1278; x_wconf 91' lang='lat' dir='ltr'>et</span> <span class='ocrx_word' id='word_1_33' title='bbox 1023 1208 1238 1300; x_wconf 85' lang='lat' dir='ltr'>inquantum.</span> 
     </span>
    </p>
   </div>
   <div class='ocr_carea' id='block_1_5' title="bbox 349 1357 616 1429">
    <p class='ocr_par' dir='ltr' id='par_1_5' title="bbox 349 1357 616 1429">
     <span class='ocr_line' id='line_1_6' title="bbox 349 1357 616 1429; baseline -0.004 0"><span class='ocrx_word' id='word_1_34' title='bbox 349 1358 433 1429; x_wconf 89' lang='lat' dir='ltr'>Item</span> <span class='ocrx_word' id='word_1_35' title='bbox 454 1357 616 1429; x_wconf 84' lang='lat' dir='ltr'>bennum.</span> 
     </span>
    </p>
   </div>
   <div class='ocr_carea' id='block_1_6' title="bbox 299 1511 1372 1727">
    <p class='ocr_par' dir='ltr' id='par_1_6' title="bbox 299 1511 1372 1727">
     <span class='ocr_line' id='line_1_7' title="bbox 349 1511 1372 1605; baseline 0.003 -26"><span class='ocrx_word' id='word_1_36' title='bbox 349 1511 432 1581; x_wconf 89' lang='lat' dir='ltr'>Item</span> <span class='ocrx_word' id='word_1_37' title='bbox 449 1511 587 1603; x_wconf 80' lang='lat' dir='ltr'>agreria</span> <span class='ocrx_word' id='word_1_38' title='bbox 606 1517 640 1582; x_wconf 89' lang='lat' dir='ltr'>et</span> <span class='ocrx_word' id='word_1_39' title='bbox 671 1517 809 1602; x_wconf 81' lang='lat' dir='ltr'>tusquas</span> <span class='ocrx_word' id='word_1_40' title='bbox 835 1512 876 1582; x_wconf 90' lang='lat' dir='ltr'>dc</span> <span class='ocrx_word' id='word_1_41' title='bbox 905 1511 1062 1583; x_wconf 88' lang='lat' dir='ltr'>omnibus</span> <span class='ocrx_word' id='word_1_42' title='bbox 1089 1519 1125 1583; x_wconf 88' lang='lat' dir='ltr'>et</span> <span class='ocrx_word' id='word_1_43' title='bbox 1155 1514 1312 1605; x_wconf 86' lang='lat' dir='ltr'>quartum</span> <span class='ocrx_word' id='word_1_44' title='bbox 1336 1518 1372 1583; x_wconf 90' lang='lat' dir='ltr'>et</span> 
     </span>
     <span class='ocr_line' id='line_1_8' title="bbox 299 1634 469 1727; baseline 0.018 -24"><span class='ocrx_word' id='word_1_45' title='bbox 299 1634 469 1727; x_wconf 90' lang='lat' dir='ltr'>quintum.</span> 
     </span>
    </p>
   </div>
   <div class='ocr_carea' id='block_1_7' title="bbox 347 1785 891 1879">
    <p class='ocr_par' dir='ltr' id='par_1_7' title="bbox 347 1785 891 1879">
     <span class='ocr_line' id='line_1_9' title="bbox 347 1785 891 1879; baseline 0.004 -23"><span class='ocrx_word' id='word_1_46' title='bbox 347 1787 431 1856; x_wconf 85' lang='lat' dir='ltr'>item</span> <span class='ocrx_word' id='word_1_47' title='bbox 454 1785 635 1879; x_wconf 81' lang='lat' dir='ltr'>soriscupie</span> <span class='ocrx_word' id='word_1_48' title='bbox 655 1795 686 1858; x_wconf 89' lang='lat' dir='ltr'>et</span> <span class='ocrx_word' id='word_1_49' title='bbox 715 1786 891 1859; x_wconf 81' lang='lat' dir='ltr'>laudimia.</span> 
     </span>
    </p>
   </div>
   <div class='ocr_carea' id='block_1_8' title="bbox 297 1938 1370 2259">
    <p class='ocr_par' dir='ltr' id='par_1_8' title="bbox 297 1938 1370 2259">
     <span class='ocr_line' id='line_1_10' title="bbox 346 1938 1368 2032; baseline -0.001 -23"><span class='ocrx_word' id='word_1_50' title='bbox 346 1940 430 2010; x_wconf 84' lang='lat' dir='ltr'><strong>Item</strong></span> <span class='ocrx_word' id='word_1_51' title='bbox 444 1939 574 2009; x_wconf 85' lang='lat' dir='ltr'>curiam</span> <span class='ocrx_word' id='word_1_52' title='bbox 591 1939 808 2031; x_wconf 82' lang='lat' dir='ltr'><strong>temporalem</strong></span> <span class='ocrx_word' id='word_1_53' title='bbox 823 1961 898 2010; x_wconf 94' lang='lat' dir='ltr'>cum</span> <span class='ocrx_word' id='word_1_54' title='bbox 913 1939 1069 2028; x_wconf 82' lang='lat' dir='ltr'>annexis,</span> <span class='ocrx_word' id='word_1_55' title='bbox 1087 1938 1214 2010; x_wconf 88' lang='lat' dir='ltr'>scilicet</span> <span class='ocrx_word' id='word_1_56' title='bbox 1228 1960 1368 2032; x_wconf 86' lang='lat' dir='ltr'>compo-</span> 
     </span>
     <span class='ocr_line' id='line_1_11' title="bbox 297 2062 1370 2157; baseline 0.002 -23"><span class='ocrx_word' id='word_1_57' title='bbox 297 2063 498 2150; x_wconf 89' lang='lat' dir='ltr'>sitionibus,</span> <span class='ocrx_word' id='word_1_58' title='bbox 531 2062 681 2135; x_wconf 87' lang='lat' dir='ltr'>emendis</span> <span class='ocrx_word' id='word_1_59' title='bbox 716 2086 755 2133; x_wconf 85' lang='lat' dir='ltr'>uc</span> <span class='ocrx_word' id='word_1_60' title='bbox 786 2063 864 2134; x_wconf 77' lang='lat' dir='ltr'>aliis</span> <span class='ocrx_word' id='word_1_61' title='bbox 892 2063 1037 2155; x_wconf 89' lang='lat' dir='ltr'>justitiis</span> <span class='ocrx_word' id='word_1_62' title='bbox 1071 2070 1106 2135; x_wconf 89' lang='lat' dir='ltr'>et</span> <span class='ocrx_word' id='word_1_63' title='bbox 1138 2062 1370 2157; x_wconf 80' lang='lat' dir='ltr'>condempna-</span> 
     </span>
     <span class='ocr_line' id='line_1_12' title="bbox 298 2188 458 2259; baseline -0.006 0"><span class='ocrx_word' id='word_1_64' title='bbox 298 2188 458 2259; x_wconf 84' lang='lat' dir='ltr'>tionibus.</span> 
     </span>
    </p>
   </div>
   <div class='ocr_carea' id='block_1_9' title="bbox 233 2339 1370 2806">
    <p class='ocr_par' dir='ltr' id='par_1_9' title="bbox 233 2339 1370 2806">
     <span class='ocr_line' id='line_1_13' title="bbox 347 2339 1366 2432; baseline 0.003 -24"><span class='ocrx_word' id='word_1_65' title='bbox 347 2340 430 2409; x_wconf 91' lang='lat' dir='ltr'>ltem</span> <span class='ocrx_word' id='word_1_66' title='bbox 439 2339 606 2409; x_wconf 86' lang='lat' dir='ltr'>notariam</span> <span class='ocrx_word' id='word_1_67' title='bbox 618 2339 835 2431; x_wconf 80' lang='lat' dir='ltr'>temporalem</span> <span class='ocrx_word' id='word_1_68' title='bbox 844 2339 898 2409; x_wconf 93' lang='lat' dir='ltr'>cui</span> <span class='ocrx_word' id='word_1_69' title='bbox 908 2339 1110 2432; x_wconf 85' lang='lat' dir='ltr'>respondent</span> <span class='ocrx_word' id='word_1_70' title='bbox 1118 2340 1198 2411; x_wconf 84' lang='lat' dir='ltr'>aliee</span> <span class='ocrx_word' id='word_1_71' title='bbox 1208 2339 1366 2431; x_wconf 85' lang='lat' dir='ltr'>notariae,</span> 
     </span>
     <span class='ocr_line' id='line_1_14' title="bbox 298 2463 1370 2556; baseline 0.002 -21"><span class='ocrx_word' id='word_1_72' title='bbox 298 2463 424 2535; x_wconf 89' lang='lat' dir='ltr'>scilicet</span> <span class='ocrx_word' id='word_1_73' title='bbox 443 2463 484 2534; x_wconf 87' lang='lat' dir='ltr'>de</span> <span class='ocrx_word' id='word_1_74' title='bbox 509 2464 656 2534; x_wconf 70' lang='lat' dir='ltr'>siuriaco</span> <span class='ocrx_word' id='word_1_75' title='bbox 679 2476 713 2534; x_wconf 88' lang='lat' dir='ltr'>et</span> <span class='ocrx_word' id='word_1_76' title='bbox 736 2464 776 2534; x_wconf 86' lang='lat' dir='ltr'>de</span> <span class='ocrx_word' id='word_1_77' title='bbox 808 2464 970 2556; x_wconf 83' lang='lat' dir='ltr'>Equebus</span> <span class='ocrx_word' id='word_1_78' title='bbox 995 2470 1029 2535; x_wconf 90' lang='lat' dir='ltr'>et</span> <span class='ocrx_word' id='word_1_79' title='bbox 1053 2463 1095 2536; x_wconf 88' lang='lat' dir='ltr'>de</span> <span class='ocrx_word' id='word_1_80' title='bbox 1118 2464 1304 2536; x_wconf 85' lang='lat' dir='ltr'>Cumbina¹</span> <span class='ocrx_word' id='word_1_81' title='bbox 1334 2473 1370 2537; x_wconf 85' lang='lat' dir='ltr'>et</span> 
     </span>
     <span class='ocr_line' id='line_1_15' title="bbox 233 2588 1367 2681; baseline 0.002 -21"><span class='ocrx_word' id='word_1_82' title='bbox 233 2664 237 2673; x_wconf 71' lang='grc'><em>,</em></span> <span class='ocrx_word' id='word_1_83' title='bbox 270 2588 475 2681; x_wconf 74' lang='lat' dir='ltr'>¹tilberiis,</span> <span class='ocrx_word' id='word_1_84' title='bbox 504 2589 545 2660; x_wconf 89' lang='lat' dir='ltr'>de</span> <span class='ocrx_word' id='word_1_85' title='bbox 571 2590 729 2677; x_wconf 74' lang='lat' dir='ltr'>Piseno²‚</span> <span class='ocrx_word' id='word_1_86' title='bbox 769 2588 811 2662; x_wconf 90' lang='lat' dir='ltr'>de</span> <span class='ocrx_word' id='word_1_87' title='bbox 840 2590 1122 2679; x_wconf 83' lang='lat' dir='ltr'>Darnacoileotu,</span> <span class='ocrx_word' id='word_1_88' title='bbox 1159 2590 1200 2663; x_wconf 91' lang='lat' dir='ltr'>de</span> <span class='ocrx_word' id='word_1_89' title='bbox 1225 2591 1367 2662; x_wconf 88' lang='lat' dir='ltr'>Monte-</span> 
     </span>
     <span class='ocr_line' id='line_1_16' title="bbox 296 2713 1001 2806; baseline 0.004 -23"><span class='ocrx_word' id='word_1_90' title='bbox 296 2713 462 2806; x_wconf 80' lang='lat' dir='ltr'>galhardo</span> <span class='ocrx_word' id='word_1_91' title='bbox 482 2736 560 2806; x_wconf 84' lang='lat' dir='ltr'>queo</span> <span class='ocrx_word' id='word_1_92' title='bbox 577 2715 751 2786; x_wconf 88' lang='lat' dir='ltr'>consuevit</span> <span class='ocrx_word' id='word_1_93' title='bbox 772 2715 885 2785; x_wconf 86' lang='lat' dir='ltr'>valere</span> <span class='ocrx_word' id='word_1_94' title='bbox 895 2768 1001 2787; x_wconf 89' lang='grc'><strong>.....</strong></span> 
     </span>
    </p>
   </div>
   <div class='ocr_carea' id='block_1_10' title="bbox 298 2865 1366 3086">
    <p class='ocr_par' dir='ltr' id='par_1_10' title="bbox 298 2865 1366 3086">
     <span class='ocr_line' id='line_1_17' title="bbox 345 2865 1366 2958; baseline 0.001 -23"><span class='ocrx_word' id='word_1_95' title='bbox 345 2866 428 2937; x_wconf 87' lang='lat' dir='ltr'>item</span> <span class='ocrx_word' id='word_1_96' title='bbox 465 2865 582 2958; x_wconf 75' lang='lat' dir='ltr'>recipit</span> <span class='ocrx_word' id='word_1_97' title='bbox 617 2866 653 2936; x_wconf 94' lang='lat' dir='ltr'>in</span> <span class='ocrx_word' id='word_1_98' title='bbox 687 2866 775 2937; x_wconf 87' lang='lat' dir='ltr'>dicto</span> <span class='ocrx_word' id='word_1_99' title='bbox 818 2875 928 2938; x_wconf 85' lang='lat' dir='ltr'>castro</span> <span class='ocrx_word' id='word_1_100' title='bbox 959 2865 1124 2937; x_wconf 82' lang='lat' dir='ltr'>animalia</span> <span class='ocrx_word' id='word_1_101' title='bbox 1167 2872 1284 2937; x_wconf 80' lang='lat' dir='ltr'>vocata</span> <span class='ocrx_word' id='word_1_102' title='bbox 1319 2866 1366 2936; x_wconf 85' lang='lat' dir='ltr'>de</span> 
     </span>
     <span class='ocr_line' id='line_1_18' title="bbox 298 2990 461 3086; baseline -0.012 -25"><span class='ocrx_word' id='word_1_103' title='bbox 298 2990 461 3086; x_wconf 79' lang='lat' dir='ltr'>l&#39;espaoe.</span> 
     </span>
    </p>
   </div>
   <div class='ocr_carea' id='block_1_11' title="bbox 808 3276 852 3347">
    <p class='ocr_par' dir='ltr' id='par_1_11' title="bbox 808 3276 852 3347">
     <span class='ocr_line' id='line_1_19' title="bbox 808 3276 852 3347; baseline 0 0"><span class='ocrx_word' id='word_1_104' title='bbox 808 3276 852 3347; x_wconf 91' lang='lat' dir='ltr'>LI</span> 
     </span>
    </p>
   </div>
   <div class='ocr_carea' id='block_1_12' title="bbox 629 3509 1008 3569">
    <p class='ocr_par' dir='ltr' id='par_1_12' title="bbox 629 3509 1008 3569">
     <span class='ocr_line' id='line_1_20' title="bbox 629 3509 1008 3569; baseline 0 -9"><span class='ocrx_word' id='word_1_105' title='bbox 629 3511 673 3561; x_wconf 80' lang='lat' dir='ltr'>DE</span> <span class='ocrx_word' id='word_1_106' title='bbox 698 3509 878 3569; x_wconf 77' lang='lat' dir='ltr'>nuloufflus</span> <span class='ocrx_word' id='word_1_107' title='bbox 903 3510 1008 3561; x_wconf 79' lang='lat' dir='ltr'>Locls.</span> 
     </span>
    </p>
   </div>
   <div class='ocr_carea' id='block_1_13' title="bbox 289 3717 1361 4188">
    <p class='ocr_par' dir='ltr' id='par_1_13' title="bbox 289 3717 1361 4188">
     <span class='ocr_line' id='line_1_21' title="bbox 344 3717 1360 3813; baseline -0.001 -24"><span class='ocrx_word' id='word_1_108' title='bbox 344 3719 514 3811; x_wconf 85' lang='lat' dir='ltr'>Sequntur</span> <span class='ocrx_word' id='word_1_109' title='bbox 538 3720 610 3791; x_wconf 82' lang='lat' dir='ltr'>loca</span> <span class='ocrx_word' id='word_1_110' title='bbox 635 3743 714 3813; x_wconf 85' lang='lat' dir='ltr'>quae</span> <span class='ocrx_word' id='word_1_111' title='bbox 738 3744 805 3792; x_wconf 92' lang='lat' dir='ltr'>non</span> <span class='ocrx_word' id='word_1_112' title='bbox 831 3729 910 3792; x_wconf 88' lang='lat' dir='ltr'>sunt</span> <span class='ocrx_word' id='word_1_113' title='bbox 932 3719 1067 3813; x_wconf 85' lang='lat' dir='ltr'>propria</span> <span class='ocrx_word' id='word_1_114' title='bbox 1092 3718 1219 3790; x_wconf 90' lang='lat' dir='ltr'>domini</span> <span class='ocrx_word' id='word_1_115' title='bbox 1241 3717 1360 3790; x_wconf 85' lang='lat' dir='ltr'>archi·</span> 
     </span>
     <span class='ocr_line' id='line_1_22' title="bbox 291 3843 1361 3938; baseline 0 -24"><span class='ocrx_word' id='word_1_116' title='bbox 291 3845 435 3938; x_wconf 83' lang='lat' dir='ltr'>episcopi</span> <span class='ocrx_word' id='word_1_117' title='bbox 453 3844 489 3914; x_wconf 89' lang='lat' dir='ltr'>in</span> <span class='ocrx_word' id='word_1_118' title='bbox 507 3845 628 3937; x_wconf 88' lang='lat' dir='ltr'>quibus</span> <span class='ocrx_word' id='word_1_119' title='bbox 645 3845 801 3917; x_wconf 90' lang='lat' dir='ltr'>dominus</span> <span class='ocrx_word' id='word_1_120' title='bbox 814 3845 1083 3938; x_wconf 81' lang='lat' dir='ltr'>archiepiscopus</span> <span class='ocrx_word' id='word_1_121' title='bbox 1103 3843 1221 3936; x_wconf 86' lang='lat' dir='ltr'>recipit</span> <span class='ocrx_word' id='word_1_122' title='bbox 1239 3865 1361 3916; x_wconf 86' lang='lat' dir='ltr'>census</span> 
     </span>
     <span class='ocr_line' id='line_1_23' title="bbox 289 3968 1357 4064; baseline -0.001 -26"><span class='ocrx_word' id='word_1_123' title='bbox 289 3969 454 4041; x_wconf 81' lang='lat' dir='ltr'>annuales</span> <span class='ocrx_word' id='word_1_124' title='bbox 464 3977 498 4041; x_wconf 90' lang='lat' dir='ltr'>et</span> <span class='ocrx_word' id='word_1_125' title='bbox 511 3969 581 4040; x_wconf 79' lang='lat' dir='ltr'>alia</span> <span class='ocrx_word' id='word_1_126' title='bbox 588 3970 669 4063; x_wconf 85' lang='lat' dir='ltr'>jure</span> <span class='ocrx_word' id='word_1_127' title='bbox 684 3980 718 4041; x_wconf 91' lang='lat' dir='ltr'>et</span> <span class='ocrx_word' id='word_1_128' title='bbox 732 3971 870 4042; x_wconf 86' lang='lat' dir='ltr'>deveria</span> <span class='ocrx_word' id='word_1_129' title='bbox 882 3976 982 4064; x_wconf 90' lang='lat' dir='ltr'>prout</span> <span class='ocrx_word' id='word_1_130' title='bbox 996 3969 1139 4040; x_wconf 81' lang='lat' dir='ltr'>inferius</span> <span class='ocrx_word' id='word_1_131' title='bbox 1152 3968 1357 4059; x_wconf 85' lang='lat' dir='ltr'>continetur,</span> 
     </span>
     <span class='ocr_line' id='line_1_24' title="bbox 289 4094 1168 4188; baseline -0.001 -24"><span class='ocrx_word' id='word_1_132' title='bbox 289 4117 367 4187; x_wconf 84' lang='lat' dir='ltr'>quae</span> <span class='ocrx_word' id='word_1_133' title='bbox 385 4094 563 4165; x_wconf 88' lang='lat' dir='ltr'>solvuntur</span> <span class='ocrx_word' id='word_1_134' title='bbox 582 4095 695 4166; x_wconf 77' lang='lat' dir='ltr'>banilo</span> <span class='ocrx_word' id='word_1_135' title='bbox 716 4094 878 4188; x_wconf 84' lang='lat' dir='ltr'>receptori</span> <span class='ocrx_word' id='word_1_136' title='bbox 901 4094 1006 4164; x_wconf 83' lang='lat' dir='ltr'>Villee</span> <span class='ocrx_word' id='word_1_137' title='bbox 1023 4094 1168 4166; x_wconf 84' lang='lat' dir='ltr'>Rubeae.</span> 
     </span>
    </p>
   </div>
   <div class='ocr_carea' id='block_1_14' title="bbox 322 4296 792 4478">
    <p class='ocr_par' dir='ltr' id='par_1_14' title="bbox 322 4296 792 4478">
     <span class='ocr_line' id='line_1_25' title="bbox 322 4296 792 4361; baseline 0.004 -15"><span class='ocrx_word' id='word_1_138' title='bbox 322 4299 348 4346; x_wconf 87' lang='lat'>1.</span> <span class='ocrx_word' id='word_1_139' title='bbox 369 4297 439 4347; x_wconf 73' lang='lat' dir='ltr'>Fonte</span> <span class='ocrx_word' id='word_1_140' title='bbox 448 4298 476 4347; x_wconf 86' lang='lat' dir='ltr'>dc</span> <span class='ocrx_word' id='word_1_141' title='bbox 486 4297 589 4361; x_wconf 85' lang='lat' dir='ltr'>copiste‚</span> <span class='ocrx_word' id='word_1_142' title='bbox 600 4311 661 4361; x_wconf 87' lang='lat' dir='ltr'>pour</span> <span class='ocrx_word' id='word_1_143' title='bbox 672 4296 792 4350; x_wconf 80' lang='lat' dir='ltr'>Gubcrio.</span> 
     </span>
     <span class='ocr_line' id='line_1_26' title="bbox 322 4410 784 4478; baseline 0.004 -15"><span class='ocrx_word' id='word_1_144' title='bbox 322 4417 364 4464; x_wconf 70' lang='grc'>2.·</span> <span class='ocrx_word' id='word_1_145' title='bbox 475 4415 510 4465; x_wconf 82' lang='lat' dir='ltr'>ld.</span> <span class='ocrx_word' id='word_1_146' title='bbox 604 4410 784 4478; x_wconf 67' lang='lat' dir='ltr'>murratum.</span> 
     </span>
    </p>
   </div>
   <div class='ocr_carea' id='block_1_15' title="bbox 0 0 1664 5430">
    <p class='ocr_par' dir='ltr' id='par_1_15' title="bbox 0 0 1664 5430">
     <span class='ocr_line' id='line_1_27' title="bbox 0 0 1664 5430; baseline 0 0"><span class='ocrx_word' id='word_1_147' title='bbox 0 0 1664 5430; x_wconf 95' lang='lat' dir='ltr'> </span> 
     </span>
    </p>
   </div>
  </div>
 </body>
</html>
