3308 5430
525 675 565 721 nn
586 656 820 724 I’Iucuuvtcmt
840 676 881 723 nu
901 674 1072 726 uuuuouun
1311 662 1351 724 97

718 848 936 921 LXXXVIII

736 1050 780 1100 DE
804 1050 909 1101 BUXO.

336 1213 496 1305 Sequitur
520 1215 610 1285 Iocus
628 1212 669 1285 de
686 1214 784 1285 Buxo
799 1214 857 1306 qui
879 1221 930 1286 est
950 1215 1075 1286 domini
1094 1214 1349 1309 archiepiscopi.

336 1367 420 1436 Item
441 1365 545 1436 habet
562 1365 716 1437 dominus
734 1365 1004 1459 archiepiscopus
1022 1367 1058 1437 in
1077 1367 1165 1439 dicto
1186 1366 1258 1438 loco
1276 1389 1354 1461 quae

288 1497 451 1583 sequntur
469 1513 528 1583 per
546 1490 709 1563 ordinem.

338 1641 452 1711 Primo
466 1642 647 1735 pasquaria
666 1666 742 1714 cum
758 1665 857 1735 pena.

338 1793 421 1863 Item
436 1793 540 1865 habet
557 1794 593 1863 in
614 1795 756 1887 pecunia
773 1794 814 1865 de
833 1817 935 1866 censu
955 1801 1082 1889 septem
1102 1794 1225 1867 solidos
1249 1816 1356 1866 unum

288 1916 477 1988 denarium.

338 2071 421 2140 Item
434 2070 537 2141 habet
551 2069 592 2141 de
607 2070 776 2141 frumento
796 2077 865 2142 tres
884 2071 1087 2163 quarterias.

339 2223 423 2293 Item
452 2222 555 2293 habet
591 2222 638 2292 ibi
674 2222 715 2293 de
750 2244 852 2293 pensu
882 2223 1040 2294 scutellas
1067 2222 1200 2316 ligneas
1232 2222 1355 2315 viginti

290 2370 407 2419 unam.

339 2500 422 2570 Item
444 2499 547 2569 habet
561 2498 608 2568 ibi
628 2498 764 2590 agreria
786 2499 873 2569 bona
893 2499 930 2569 in
951 2499 1050 2571 blado
1068 2506 1102 2570 et
1119 2499 1212 2570 vino.

340 2656 423 2723 Item
438 2650 618 2744 foriseepia
637 2656 671 2722 et
690 2649 866 2722 Iaudimia.

731 2910 920 2981 LXXXIX

692 3120 736 3170 DE
761 3119 957 3170 PISENIILLO.

342 3285 501 3376 Sequitur
521 3284 613 3355 lucus
627 3285 668 3354 de
689 3286 855 3356 Pisenello
873 3286 929 3377 qui
947 3308 1013 3356 nou
1031 3293 1083 3357 est
1097 3285 1222 3357 domini
1238 3284 1358 3356 archi-

292 3410 435 3502 episcopi
476 3409 724 3497 Narbonensis²
756 3410 814 3481 sed
844 3409 948 3482 habet
984 3410 1021 3479 in
1049 3409 1137 3480 dieto
1176 3410 1246 3480 Ioeu
1281 3433 1359 3503 quae

293 3541 455 3625 sequntur
471 3556 530 3624 per
545 3533 708 3605 ordinem.

343 3685 456 3754 Primo
483 3685 585 3756 habet
602 3686 638 3755 in
660 3687 801 3778 pecunia
818 3685 859 3756 de
877 3709 979 3757 censu
1007 3709 1085 3778 quae
1106 3694 1269 3779 sequntur
1300 3708 1361 3779 per

292 3809 464 3898 ordinem,
483 3811 608 3882 scilicet
623 3820 696 3881 octo
714 3811 855 3894 solidos,
877 3835 997 3882 novem
1016 3811 1184 3882 denarius,

342 3961 424 4031 Item
443 3961 483 4031 de
504 3985 646 4033 arraune
664 3962 730 4033 duo
748 3963 891 4034 sestaria
911 3972 945 4034 et
963 3963 1124 4034 eminam.

343 4114 426 4184 Item
445 4113 549 4184 habet
567 4114 715 4206 gallinas
730 4114 771 4184 de
791 4138 894 4186 censu
912 4115 1073 4208 quinque.

343 4265 426 4336 Item
447 4264 530 4336 duos
551 4275 734 4357 quartones
751 4265 816 4338 olei
834 4266 875 4338 de
893 4290 1009 4338 censu.

344 4416 427 4488 Item
447 4417 549 4489 habet
566 4417 650 4489 duas
668 4418 823 4510 fugasses
843 4418 940 4490 albas
959 4419 1001 4490 de
1021 4442 1137 4493 censu.

1222 4546 1242 4612 7
