3308 5430
293 610 331 669 82
734 618 828 666 uivuu
849 618 929 666 vum

342 767 426 837 ltem
440 764 477 834 iu
491 761 631 834 ecclesia
649 760 691 834 de
709 762 919 834 Carcassesio
939 769 1095 855 quartam
1112 768 1243 857 partem
1263 763 1359 836 deci-

295 913 361 960 mae
381 895 415 960 et
433 887 626 983 praemitiae.

341 1043 425 1112 Item
439 1039 475 1111 in
490 1039 630 1112 ecclesia
645 1038 881 1112 (16100106001
901 1045 1058 1132 quartam
1072 1045 1204 1134 partem
1218 1039 1359 1112 decimae

293 1172 327 1237 et
342 1163 534 1258 praemitiae.

341 1318 426 1389 Item
444 1317 481 1387 in
492 1316 631 1388 ecclesia
650 1314 754 1386 Villae
772 1315 905 1388 Rubeae
922 1315 1058 1387 tertiam
1075 1323 1205 1409 partem
1217 1316 1358 1390 decimae

294 1451 328 1513 et
348 1441 529 1536 praemitiaa
546 1447 581 1513 et
597 1448 768 1533 tasquam.

339 1594 423 1664 Item
445 1593 480 1663 in
499 1591 639 1665 ecclesia
655 1591 696 1664 de
715 1591 912 1686 Talayrauo
927 1590 1063 1664 tertiam
1077 1599 1208 1687 partem
1218 1592 1358 1666 decimae

293 1724 329 1789 et
342 1716 535 1811 praemitiae.

340 1868 425 1940 Item
443 1867 478 1937 iu
494 1866 633 1939 ecclesia
650 1866 691 1938 de
710 1867 808 1960 Rupe
828 1867 922 1938 Fano
947 1866 1082 1939 tertiam
1107 1874 1238 1961 partem
1262 1866 1358 1940 deci-

296 2016 362 2064 mae
377 1998 412 2064 et
428 1992 620 2087 praemitiae.

340 2145 424 2249 Item
439 2143 475 2213 in
493 2143 633 2215 ecclesia
647 2142 689 2216 de
704 2142 834 2215 Veiano
849 2142 984 2216 tertiam
1005 2149 1136 2239 partem
1159 2142 1298 2216 decimae
1323 2149 1359 2215 et

292 2267 485 2362 praemitiae.

341 2422 424 2493 Item
445 2419 480 2490 iu
500 2420 644 2492 terminu
665 2427 781 2492 vocatu
795 2420 836 2492 de
857 2421 978 2492 Valeta
992 2428 1099 2493 totam
1114 2421 1290 2493 decimam.

340 2574 424 2643 Item
443 2572 479 2642 in
495 2572 634 2644 ecclesia
654 2573 695 2644 de
713 2573 860 2645 Cubaria
880 2580 984 2644 tutam
1004 2573 1168 2645 decimam
1185 2573 1221 2644 in
1246 2572 1358 2644 bladis

291 2704 325 2768 et
346 2705 517 2789 tauquam,
550 2698 782 2790 caruelagium
804 2698 966 2769 dividitur
984 2698 1028 2770 ad
1052 2698 1208 2792 quintum
1233 2705 1267 2769 et
1287 2706 1358 2770 tres

186 2839 190 2848 ·
290 2828 420 2915 parma,
439 2823 488 2892 ita
502 2822 589 2916 quod
604 2831 711 2894 rector
729 2824 849 2897 habet.
865 2878 874 2895 .
891 2881 898 2897 .
916 2881 923 2897 .

339 2975 423 3044 Item
444 2973 481 3043 in
504 2973 645 3046 ecclesia
667 2973 707 3044 de
726 2974 888 3069 Equabus
908 2975 1122 3048 medietatem
1153 2975 1293 3047 decimae
1323 2983 1357 3048 et

291 3096 470 3190 praemitiae
491 3104 525 3168 et
541 3104 709 3191 tasquam.

339 3249 422 3319 Item
449 3247 485 3318 in
512 3248 652 3321 eeclesia
671 3249 713 3320 de
733 3249 1015 3353 Montegalhardo
1044 3255 1201 3342 quartam
1225 3255 1356 3344 partem

291 3373 430 3445 decimae
444 3379 478 3444 et
492 3374 673 3466 praemitiae
688 3383 723 3445 et
741 3375 831 3445 ultra
846 3374 979 3466 aliquas
993 3381 1145 3467 usquas.
1249 3449 1251 3452 Α

340 3524 424 3594 Item
446 3525 480 3594 in
502 3525 642 3596 ecclesia
657 3525 770 3597 Sancti
789 3527 879 3597 Petri
895 3525 936 3597 de
951 3527 1078 3598 Calmis
1099 3533 1168 3600 tres
1186 3532 1300 3620 partes
1322 3533 1357 3598 et

291 3655 400 3718 rector
426 3647 574 3740 quinque
591 3657 705 3742 partes
724 3649 759 3719 in
783 3649 891 3721 bladis
916 3656 950 3722 et
969 3651 1148 3722 vindemiis
1168 3658 1203 3764 et
1222 3650 1258 3721 in
1278 3649 1357 3721 aliis

291 3773 378 3843 nihil
399 3783 433 3844 et
450 3774 498 3845 sic
518 3773 679 3845 dividitur
696 3776 739 3846 ad
759 3776 906 3870 quinque
927 3784 961 3848 et
976 3784 1045 3848 tres
1062 3785 1189 3869 partes,

340 3926 424 3995 Item
445 3925 481 3994 in
502 3925 642 3997 ecclesia
658 3925 699 3996 de
717 3927 817 3998 Buxa
831 3933 937 3998 totam
955 3926 1119 3999 decimam
1140 3933 1238 3998 extra
1256 3925 1358 3999 celles

291 4049 494 4144 praemitiam
520 4049 670 4122 addendo
695 4058 730 4122 et
745 4051 893 4123 vicarius
912 4052 1003 4124 iufra
1023 4051 1125 4125 celles
1152 4051 1357 4147 praemitiam

169 4228 172 4232 -
226 4231 229 4237 .
290 4180 435 4246 tautum.

322 4390 348 4438 1.
369 4390 439 4440 Faute
448 4390 476 4440 de
487 4389 589 4453 copiae,
600 4403 660 4454 pour
674 4390 799 4444 Ircviuco.
