3308 5430
291 594 330 655 88
740 610 833 658 mvnu
854 610 934 658 vum

290 753 401 826 media
430 760 465 826 et
492 753 592 826 bassa
620 762 654 825 ct
684 777 776 826 mero
802 777 842 825 ac
869 753 976 825 mixto
1008 753 1148 848 imperio
1173 777 1214 826 ac
1240 754 1359 849 primis

290 878 582 972 appellationibus.

341 1030 426 1100 Item
447 1028 549 1099 habet
568 1028 722 1100 domiuus
742 1028 1011 1122 archiepiscopus
1030 1030 1171 1102 indicto
1192 1031 1263 1103 lom
1283 1054 1360 1124 quaa

293 1161 456 1248 sequntur
473 1176 533 1248 per
551 1153 714 1226 ordinem.

343 1307 457 1377 Primo
472 1328 576 1378 unam
594 1306 730 1377 domum
748 1307 917 1399 propriam
938 1330 1014 1378 eum
1034 1309 1216 1402 graneriis

342 1461 426 1531 Item
444 1482 549 1530 unum
570 1457 799 1531 molendinum
820 1483 896 1531 cnm
914 1459 1045 1532 duabus
1066 1460 1162 1532 rotis

341 1612 426 1683 Item
446 1610 622 1704 pulchram
642 1611 815 1682 forestam.

342 1765 426 1836 Item
446 1761 626 1856 pasquaria
644 1761 798 1854 pulchra.

343 1917 427 1987 Item
446 1913 606 1984 molinam
625 1912 666 1983 de
684 1913 774 1984 forro
794 1912 1012 1985 destructam.

344 2068 428 2138 Item
449 2063 596 2136 leudam.

343 2219 427 2289 Item
447 2217 560 2288 banna
580 2222 614 2287 et
634 2215 760 2287 cridam
782 2222 816 2288 et
834 2215 1047 2308 inquantum.

678 2728 760 2779 ITEM
785 2728 829 2778 Du
854 2728 1000 2782 onBuTZ.

344 2912 515 3005 Sequntur
530 2934 650 2983 census
665 2911 743 2983 dicti
759 2912 821 2983 Ioci
840 2911 943 2983 debiti
959 2911 1094 2984 domino
1110 2913 1359 3008 archiepiscopo

296 3035 522 3109 Narbonensi.

346 3189 461 3260 Primo
481 3189 517 3259 in
539 3188 680 3281 pecunia
697 3187 739 3259 de
759 3210 861 3261 censu
880 3211 938 3259 sex
961 3188 1080 3260 librae.

345 3341 430 3412 Item
444 3361 504 3432 pro
523 3345 642 3431 questa
659 3337 799 3411 annuali
818 3338 985 3410 sexdecim
1000 3339 1106 3411 libras
1120 3349 1154 3411 et
1172 3341 1360 3433 quindecim

297 3465 432 3537 solidos.

343 3616 428 3687 Item
448 3614 489 3686 de
510 3615 680 3686 frumento
700 3613 765 3686 duo
786 3615 942 3686 sestaria.

344 3770 429 3839 Item
446 3766 488 3838 de
508 3788 651 3838 arraone
672 3773 706 3838 et
724 3790 834 3838 avena
852 3774 996 3860 quatuor
1015 3768 1172 3841 sestaria.

345 3921 429 3990 Item
450 3919 587 4011 agreria
607 3927 641 3990 et
662 3926 813 4010 tasquas

342 4072 427 4142 Item
444 4070 623 4163 foriscapia
641 4078 675 4140 et
693 4070 867 4141 laudimia.

341 4224 426 4294 Item
444 4221 573 4293 curiam
588 4221 806 4314 temporalem
820 4245 897 4292 cum
911 4223 1066 4312 annexis,
1085 4222 1211 4295 scilicet
1224 4247 1361 4318 compo·

240 4401 243 4408 -
295 4347 473 4420 sitionibus
492 4354 527 4418 et
545 4345 707 4418 emendis.
