3308 5430
527 658 568 705 nn
587 640 823 707 n'ununnvtunrt
843 657 883 704 nn
904 656 1075 707 urnnouun
1315 644 1353 706 99

333 801 450 874 Primo
468 803 503 872 in
523 804 684 896 pecunia.
701 857 711 875 .
726 858 758 877 ..

335 955 418 1028 lteru
437 952 479 1025 (16
497 954 685 1026 frumento,
701 1007 709 1026 .
725 1008 735 1026 .
751 1009 759 1026 .

333 1106 417 1177 Item
438 1103 480 1177 (16
500 1104 617 1178 ordeo.
634 1158 642 1175 .
658 1159 691 1177 ..

335 1259 419 1329 ltern
439 1257 654 1350 gallinas...
671 1311 680 1328 .

236 1436 242 1447 ·
334 1409 419 1479 ltenr
438 1406 480 1479 de
500 1430 596 1480 cera.
612 1461 620 1480 .
636 1461 670 1480 ..

336 1561 420 1632 Item
438 1559 480 1632 (16
500 1561 596 1632 vino.
613 1613 622 1633 .
638 1614 646 1632 .
664 1611 673 1632 .

335 1712 419 1782 ltern
447 1712 598 1805 agreria.

334 1865 418 1936 Item
433 1864 470 1935 in
484 1864 585 1935 certis
600 1864 835 1936 terminalibus
856 1871 890 1936 et
910 1866 1176 1958 possessionibus
1191 1865 1271 1938 dieti
1291 1867 1354 1938 looi

288 1987 465 2082 forisoapia
480 1995 514 2059 61
532 1987 707 2060 laudirnia.

775 2309 868 2382 XCII

719 2564 762 2614 DF]
787 2563 927 2614 ASSACO.

339 2773 498 2866 Sequitur
518 2773 609 2844 locus
627 2773 668 2844 (16
691 2774 817 2844 Assaoo
840 2774 897 2866 qui
925 2784 1063 2844 nonest
1089 2774 1213 2844 dornini
1239 2775 1358 2845 arrhi-

290 2887 433 2992 episoopi
456 2899 705 2987 Narbonensis,
734 2899 792 2970 sed
815 2899 955 2992 percipit
980 2899 1027 2969 ibi
1054 2899 1210 2971 dominus
1239 2900 1359 2971 arohi-

291 3022 464 3115 episcopus
481 3045 570 3093 anno
590 3022 739 3114 quolibet
759 3045 836 3114 quae
855 3030 1018 3116 sequntur
1037 3023 1276 3116 perordinem.

341 3201 457 3271 Primo
490 3202 523 3270 iu
559 3201 701 3294 pecunia
725 3201 766 3272 de
797 3225 900 3273 oensu
924 3201 1007 3274 duos
1039 3201 1179 3290 6611106,
1212 3201 1361 3294 quinque

292 3323 462 3396 denarios.

341 3477 425 3547 ltern
454 3475 495 3547 de
521 3476 691 3548 frumento
715 3476 800 3548 duas
825 3477 1027 3569 quarterios,

344 3655 427 3725 ltem
456 3655 490 3725 in
520 3656 620 3726 661116
649 3656 884 3727 terminalibus
909 3656 988 3727 dicti
1013 3656 1076 3727 loci
1099 3656 1239 3749 percipit
1259 3679 1363 3750 quar·

296 3792 366 3848 tam
395 3786 525 3871 partem
553 3790 587 3850 61
609 3780 788 3873 septimam
816 3780 1000 3851 fruetuum.

345 3957 429 4027 Item
457 3957 593 4048 agreria
621 3957 658 4027 in
682 3957 780 4028 blado
809 3969 843 4030 61
870 3958 949 4027 vino
976 3957 1012 4027 in
1041 3956 1214 4049 aliquibus
1243 3957 1365 4028 termi-

298 4080 445 4151 nulibus,

349 4262 431 4331 ltenn
451 4262 630 4355 foriscapia
649 4270 683 4333 61
701 4261 863 4333 laudimia
883 4261 919 4332 in
947 4261 1048 4334 661116
1072 4260 1308 4333 terminalibus
1331 4268 1366 4335 ot

299 4386 576 4479 possessionibus.
