3308 5430
552 615 591 660 11
612 595 848 661 n'nnunnvtcnt
869 612 909 659 nn
930 611 1098 660 nannonnn
1320 597 1351 656 u

340 760 423 830 ltom
434 758 589 829 dominus
597 757 866 851 archiepiscopus
878 757 996 850 recipit
1008 757 1044 827 in
1054 757 1231 850 parrochia
1241 757 1359 828 Beatae

290 884 412 955 Mariae
439 883 480 954 (16
512 882 695 953 hlonachia
720 891 753 953 et
782 884 818 952 in
844 882 1015 952 terminali
1044 882 1085 952 de
1117 882 1288 952 Villarum
1317 881 1358 953 (16

289 1008 414 1100 Fargis
427 1030 487 1101 pro
507 1014 603 1100 parto
623 1030 685 1077 sua
702 1007 866 1078 decimam
884 1015 918 1077 et
940 1015 1112 1098 tesquam,
1138 1014 1171 1077 61
1192 1014 1355 1095 tersoneS,

289 1139 466 1226 quartum,
497 1132 652 1224 quintum
681 1133 716 1201 in
745 1131 869 1220 bladis,
904 1132 1037 1218 vineis,
1069 1132 1174 1217 oleis3
1203 1131 1359 1202 dominus

289 1258 430 1351 percipit
457 1263 585 1349 septem
604 1265 735 1348 partae,
759 1257 914 1327 dominus
939 1264 1046 1327 rector
1067 1257 1214 1349 quinque
1244 1265 1359 1348 partes

289 1381 326 1452 in
342 1379 511 1452 terminali
527 1381 568 1451 dc
587 1380 758 1451 Villarum
776 1381 817 1451 (16
836 1382 864 1450 F
865 1381 960 1472 argis
976 1381 1047 1451 sive
1061 1381 1208 1472 plurium
1217 1435 1227 1468 ,
1260 1386 1293 1450 et
1322 1381 1358 1450 in

290 1505 462 1578 terminali
476 1505 518 1576 de
532 1505 637 1575 Cruce
659 1505 849 1576 medietatis
868 1517 901 1575 61
919 1505 1023 1575 aliam
1038 1504 1251 1576 medietatem
1266 1505 1360 1598 capi-

293 1629 402 1701 tulum
419 1629 533 1701 Sancti
554 1630 667 1701 Pauli.

341 1783 425 1852 Item
453 1783 570 1875 recipit
597 1783 632 1851 in
661 1781 839 1874 parrochia
869 1781 912 1852 de
938 1781 1119 1852 Monachia
1146 1781 1360 1852 medietatem

290 1907 394 1978 totius
415 1906 601 1999 carnelagii
616 1907 767 1977 omnium
792 1907 992 1977 animalium
1019 1907 1214 1976 lemitarum
1233 1906 1275 1977 de
1293 1905 1362 1976 illis

291 2032 348 2124 qui
365 2043 480 2102 tenent
494 2031 656 2102 animalia
674 2055 736 2102 sua
755 2039 852 2102 extra
872 2031 1011 2117 villam3
1039 2031 1080 2102 (16
1107 2031 1176 2102 illis
1207 2055 1274 2101 non
1304 2030 1361 2122 qui

290 2163 408 2227 tenent
423 2156 512 2226 dicta
537 2156 700 2226 animalia
726 2157 817 2226 infra
838 2156 1029 2226 terminalia
1047 2155 1088 2226 de
1110 2154 1290 2226 Monachia
1311 2160 1363 2224 est

295 2288 365 2350 tota
376 2280 504 2350 decima
519 2280 644 2349 domiui
664 2280 904 2372 archiepiscopi
925 2286 959 2350 61
980 2279 1149 2372 praemitia
1164 2265 1301 2370 prioris.

342 2433 425 2502 ltem
439 2430 595 2501 dominus
607 2431 875 2523 archiepiscopus
889 2431 1006 2522 recipit
1021 2431 1056 2499 in
1075 2430 1224 2516 civitate,
1254 2429 1362 2519 burgo

294 2579 334 2626 ac
352 2555 522 2627 suburbiis
548 2563 582 2626 61
602 2555 837 2625 terminalibus
857 2555 990 2643 multis,
1025 2553 1203 2646 foriscapia
1227 2563 1261 2624 61
1281 2553 1362 2622 lau-

297 2679 413 2751 dimia.

342 2834 426 2902 116111
441 2833 476 2900 in
495 2831 665 2902 terminali
681 2829 723 2902 de
738 2831 860 2901 Sancto
884 2832 1065 2900 Laurentio
1090 2831 1209 2921 recipit
1224 2829 1314 2899 solus
1329 2839 1363 2898 61

293 2958 329 3026 in
344 2957 485 3026 solidum
500 2955 676 3047 seniscapia
697 2965 731 3024 et
746 2956 909 3025 laudimia
924 2956 1037 3024 omnia
1053 3010 1061 3042 ,
1088 2955 1221 3024 taschas
1240 2961 1274 3022 61
1294 2953 1363 3022 6116

293 3082 443 3152 (lever-ia.

343 3234 425 3301 Item
446 3232 609 3323 magister
634 3231 828 3302 Bernardus
849 3231 1011 3322 Stephani
1041 3254 1100 3302 seu
1125 3232 1200 3324 ejus
1222 3228 1361 3300 heredes

292 3357 421 3426 faciunt
448 3356 583 3426 domino
609 3379 669 3448 pro
690 3356 834 3448 quadam
868 3357 969 3425 vinea
999 3357 1065 3426 sita
1097 3355 1139 3425 ad
1175 3355 1359 3444 Garrigam

294 3481 407 3552 Sancti
428 3481 621 3569 Laurentii,
647 3488 791 3572 quatuor
809 3480 914 3550 libras
934 3481 1071 3573 piperis.

344 3635 427 3704 ltem
453 3634 494 3702 B.
527 3633 568 3703 do
589 3632 678 3702 Salis
700 3632 781 3703 16611
802 3654 861 3724 pro
880 3633 1024 3724 hospitio
1049 3655 1109 3702 suo
1135 3633 1230 3702 iuxta
1256 3632 1362 3703 ecclo-

295 3760 381 3831 siam
397 3757 673 3845 Narbonensem,
696 3780 798 3827 unam
813 3758 935 3828 libram
952 3780 1051 3828 66166.

345 3919 427 3987 Item
460 3917 614 3987 dominus
638 3919 757 3988 Fontis
796 3919 824 3988 F
828 3918 927 4009 rigidi
959 3905 1040 3988 facit
1068 3919 1245 3988 annuatim
1277 3916 1365 3988 dicto

295 4043 428 4112 domino
449 4065 509 4134 pro
521 4042 667 4133 grangia
687 4043 728 4112 de
743 4044 925 4130 ’1)16111116,
962 4065 1062 4112 unam
1079 4043 1202 4113 libram
1222 4042 1359 4134 piperis.

347 4204 429 4272 ltem
475 4203 577 4272 habet
612 4203 648 4271 in
680 4203 856 4294 parrochia
894 4203 1008 4272 Sancti
1043 4203 1139 4272 Pauli
1182 4203 1360 4294 quamdam

298 4327 432 4397 vineam
453 4326 550 4397 valde
565 4326 757 4419 pulchram,
791 4333 942 4398 vocatam
966 4326 999 4397 la
1028 4327 1151 4398 Clausa
1178 4326 1218 4396 de
1247 4325 1360 4395 Navi-
