3308 5430
744 562 837 609 btvus
860 562 938 609 VERT

737 758 902 832 CXXXII

288 996 521 1047 coucounnmo
542 995 654 1044 rnorn
676 996 779 1045 rursu
802 995 959 1046 uomuttm
975 995 1116 1047 turnum
1139 995 1182 1045 on
1199 996 1353 1062 tunicis,

339 1118 632 1171 aucrunrrscoruu
677 1120 960 1186 unsnoususnu,
1017 1121 1061 1169 ur
1108 1120 1267 1172 nourumt
1318 1120 1354 1171 o.

339 1244 527 1295 nrtsconuu
552 1244 797 1311 rtuscrnusnu,
826 1245 869 1294 nn
895 1244 1035 1303 ouoonu
1054 1245 1207 1296 uosmrro
1230 1246 1303 1295 stro
1323 1245 1359 1295 ru

337 1370 420 1419 uoco
442 1371 485 1419 nn
503 1370 690 1427 outunnuo.
840 1334 844 1341 ⁵

342 1571 473 1654 Petrus
490 1568 704 1640 miseratione
722 1568 839 1638 divina
851 1568 970 1662 primae
981 1575 1108 1639 sauctae
1122 1568 1210 1640 sedis
1222 1568 1358 1639 Narbo·

291 1696 404 1767 nensis
427 1693 696 1786 archiepiscopus
707 1702 741 1763 et
749 1693 888 1785 primas,
907 1702 1024 1764 notum
1036 1693 1178 1764 tacimus
1189 1692 1358 1763 universis

289 1819 377 1911 quod
396 1819 492 1889 bonae
512 1818 684 1888 memoriae
704 1818 859 1889 domiuus
883 1822 926 1889 G.
951 1818 1124 1911 episcopus
1143 1816 1355 1905 Electensis,

289 1966 361 2037 prat
371 1943 484 2013 decess
499 1968 522 2012 n·
533 1943 746 2014 immediatus
758 1941 1207 2035 venerabilispatrisdomiui
1216 1942 1259 2013 G.
1269 1964 1359 2011 nuuc

289 2068 431 2159 episcopi
448 2068 651 2154 Electeusis,
668 2078 734 2136 tam
748 2089 807 2159 pro
823 2067 911 2136 riuis
921 2066 992 2136 suis
1006 2067 1241 2159 recolligendis
1255 2090 1357 2160 quam

289 2192 366 2261 aliis
382 2192 479 2289 iustis
494 2202 528 2261 et
545 2192 765 2261 rationalibus
781 2192 891 2262 causis
909 2172 1047 2262 emisset
1061 2191 1227 2284 quoddam
1247 2192 1358 2285 hospi·

291 2318 375 2387 tium
390 2319 424 2386 iu
440 2326 549 2386 castro
563 2326 675 2386 nostro
689 2317 730 2386 de
744 2316 956 2393 outtnanone
971 2370 979 2401 ‚
997 2315 1137 2387 diocesis
1151 2316 1337 2388 Electensis
1345 2371 1355 2406 ,

290 2442 453 2511 situatum
485 2442 586 2533 juxta
626 2442 811 2510 tenentiam
850 2439 1015 2510 Beruardi
1059 2441 1205 2530 Mariae,
1239 2441 1357 2511 Jacobi

290 2566 434 2636 Basterii
456 2574 490 2636 et
506 2565 700 2658 ltayuumdi
716 2563 901 2636 Rallanelli
921 2573 955 2635 et
976 2566 1072 2635 iuxta
1094 2566 1166 2636 rias
1186 2565 1355 2658 publicam,

289 2690 376 2781 quod
403 2689 537 2780 quidem
564 2688 746 2781 hospitium
775 2688 952 2760 tenebatur
978 2713 1000 2760 a
1026 2690 1122 2760 uobis
1154 2699 1188 2761 et
1218 2690 1359 2761 ccclesia

291 2822 404 2884 nostra
443 2814 656 2884 Narbonensi
691 2814 754 2884 sub
788 2822 878 2885 certo
915 2836 1028 2884 annuo
1062 2837 1192 2900 censu,
1233 2835 1359 2905 nosque

290 2943 415 3032 saepius
444 2939 738 3031 requisivissemus
770 2947 804 3011 et
834 2939 1006 3032 requirere
1037 2938 1257 3026 fecissemuS,
1290 2952 1359 3007 tam

288 3064 483 3155 praestatum
503 3063 711 3133 delfunctum
735 3087 836 3154 quam
862 3063 1057 3135 modernum
1092 3063 1262 3155 episcopos
1294 3085 1358 3133 su-

290 3188 456 3281 pradictos
497 3197 531 3258 et
579 3196 698 3280 gentes
739 3211 841 3277 suas,
886 3188 972 3281 quod
1012 3188 1138 3259 dictum
1174 3187 1358 3282 hospitium
1446 3254 1449 3259 .

289 3320 387 3384 extra
417 3337 555 3382 manuni
585 3321 747 3405 ponerent
781 3336 852 3384 suaa
880 3312 1031 3383 ecclesiae
1050 3312 1256 3401 ElecteusiS,
1282 3338 1358 3385 oum

289 3438 399 3530 ipsum
422 3438 605 3529 hospitium
631 3437 674 3506 ad
697 3459 834 3527 manum
853 3460 968 3507 eorum
992 3437 1065 3507 siue
1087 3460 1211 3530 magno
1226 3439 1358 3532 praeiu-

289 3563 374 3631 ‹licio
415 3569 546 3648 nostre,
588 3570 779 3653 nostraeque
809 3561 959 3632 ecclesius
981 3563 1230 3652 NarbonensiS,
1252 3563 1360 3634 teneri

290 3710 351 3755 nec
386 3685 546 3779 possideri
578 3698 731 3778 possent,
760 3710 836 3757 cum
859 3686 1018 3779 praedicto
1056 3687 1202 3780 bospitio
1243 3702 1280 3758 ut
1317 3686 1359 3759 de

289 3812 366 3881 aliis
382 3811 536 3903 hospitiis
557 3820 591 3882 et
605 3812 870 3904 possessionibus
888 3811 951 3882 loci
971 3812 1122 3904 praedicti
1135 3813 1176 3883 de
1189 3812 1359 3906 Quilbauo

289 3937 505 4028 l'oriscapium
533 3945 567 4008 et
590 3938 659 4007 alia
689 3939 770 4030 jura
795 3945 829 4007 et
857 3937 994 4008 deberis
1022 3937 1118 4008 nobis
1146 3946 1181 4008 et
1208 3937 1358 4008 ecclesiae

290 4069 414 4131 nostrae
433 4060 603 4152 praedictae
622 4060 826 4153 pertinentia
841 4083 941 4154 super
959 4083 999 4132 eo
1018 4060 1143 4132 habere
1162 4083 1229 4131 non
1243 4082 1360 4154 posse·

289 4210 382 4275 mus,
401 4194 435 4256 et
456 4186 525 4256 alia
547 4187 621 4255 iura
637 4194 753 4258 nostra
767 4195 801 4258 et
817 4180 967 4258 eeclesiae
981 4194 1107 4257 nostrae
1126 4185 1358 4257 Narbonensis

289 4315 378 4385 circa
408 4312 470 4386 hoe
504 4311 722 4405 deperirent,
761 4311 824 4382 nisi
855 4311 956 4383 aliter
981 4312 1053 4405 ipse
1087 4311 1261 4405 episcopus
1290 4328 1357 4381 n'o-
