3308 5430
534 622 573 668 uu
594 596 828 667 n'aucnnvtoul:
849 617 889 664 nn
903 590 1080 665 'unnrouun
1303 606 1361 665 tta

293 766 443 859 quolibet
477 788 582 837 unum
609 766 744 861 jornale
774 765 809 835 in
835 764 1021 836 vendemiis
1050 765 1086 834 in
1118 764 1302 852 torculari,
1328 775 1363 837 et

293 891 448 962 dominus
478 890 750 985 archiepiscopus
774 896 909 963 tenetur
937 889 987 960 eis
1011 889 1189 983 providere
1209 889 1251 961 de
1275 912 1363 983 pane

295 1021 329 1087 et
345 1015 424 1084 vino
444 1015 565 1086 solum.

343 1167 427 1237 Item
444 1189 560 1238 omnes
579 1166 733 1239 homines
750 1166 828 1238 dicti
846 1165 908 1237 loci
936 1172 1094 1238 tenentur
1111 1165 1194 1238 dare
1211 1166 1363 1259 quolibet

295 1313 384 1361 anno
401 1291 536 1362 domino
566 1314 627 1362 suo
647 1291 895 1385 archiepiscopo
917 1291 1060 1383 quilibet
1085 1290 1170 1361 duas
1197 1291 1361 1383 migerias

296 1438 380 1487 vini.

790 1701 867 1773 cxl

659 1928 741 1979 ITEM
760 1929 803 1978 DE
821 1929 992 1979 PlNCIANO.

345 2111 516 2201 Sequntur
530 2132 650 2180 census
664 2111 829 2182 annuales
846 2111 926 2181 dicti
947 2110 1008 2181 loci
1030 2111 1134 2183 debiti
1155 2133 1245 2181 anno
1273 2133 1362 2204 quo·

297 2233 379 2303 libet
389 2232 527 2315 'domino
544 2233 792 2327 archiepiscopo
807 2235 1032 2305 Narbonensi.

347 2393 460 2463 Primo
475 2393 511 2462 in
531 2395 673 2486 pecunia
693 2394 726 2463 in
747 2394 817 2465 loco
836 2395 878 2465 de
901 2395 1071 2465 Pinitiano
1088 2395 1129 2466 de
1150 2419 1252 2468 censu
1274 2419 1363 2489 qna-

298 2516 480 2590 tuordecim
500 2519 623 2607 libras,
642 2520 789 2612 quinque
802 2518 976 2609 denarioS,
990 2520 1137 2591 obolum.

347 2683 430 2753 Item
468 2681 504 2751 in
533 2680 650 2752 eodem
685 2679 757 2751 loco
789 2702 849 2774 pro
884 2690 1003 2772 questa
1035 2680 1175 2752 annuali
1212 2681 1247 2751 in
1277 2681 1364 2752 festo

298 2806 459 2879 Omnium
477 2806 677 2877 Sanctorum
692 2804 836 2897 triginta
851 2804 969 2875 libras,

347 2968 430 3037 ltem
460 2965 496 3035 in
517 2964 686 3035 terminali
705 2963 747 3035 de
765 2962 971 3035 Marcellano
990 2963 1026 3034 in
1060 2964 1201 3058 pecunia
1221 2975 1365 3057 quatuor

299 3091 404 3162 libras
417 3144 425 3177 ,
443 3089 590 3182 quinque
605 3089 739 3159 solidos.

350 3251 432 3319 ltem
452 3247 494 3318 de
516 3248 684 3318 frumento
702 3247 743 3317 (la
757 3270 858 3318 censu
884 3247 1003 3316 tamin
1026 3247 1199 3318 Piniciauo
1214 3270 1316 3340 quam
1330 3249 1365 3319 in

303 3373 535 3445 torininalibus
552 3372 593 3442 de
608 3371 1068 3464 hlarcellanoannoquolibet
1079 3372 1227 3464 quinque
1239 3373 1362 3462 modia,

300 3522 359 3569 son
378 3498 541 3584 sestaria,
564 3506 632 3567 tres
651 3497 858 3589 quarterias,
881 3505 950 3567 tres
971 3497 1140 3588 ponerias

351 3661 433 3728 Item
451 3657 492 3728 de
510 3656 610 3728 ordeo
626 3656 661 3726 in
681 3655 806 3727 eisdem
824 3656 904 3726 locis
919 3657 1099 3729 octodecim
1114 3658 1239 3748 modia,
1261 3681 1368 3729 unum

301 3783 499 3870 sestarium,
517 3781 631 3852 decem
646 3780 802 3874 ponerias
815 3790 848 3852 et
864 3781 1022 3853 mediam.

351 3926 435 4015 ltem
459 3941 561 4013 habet
590 3942 738 4034 gallinas
760 3941 802 4012 de
823 3964 926 4013 censu
948 3948 1084 4013 centum
1111 3942 1265 4014 undecim
1292 3966 1368 4014 cum

301 4068 453 4139 dimidia.

352 4230 434 4300 Item
452 4228 559 4298 abbas
581 4228 777 4299 monasterii
798 4226 888 4298 Olivi
909 4227 1008 4299 debet
1029 4227 1178 4319 quolibet
1197 4249 1286 4298 anno
1308 4250 1369 4320 pro

301 4352 451 4425 custodia
475 4351 691 4425 ecclesiarum
715 4352 757 4424 de
783 4351 1008 4446 Burgayrolis
1028 4361 1062 4424 et
1083 4351 1284 4441 Gramasia,
1310 4374 1370 4446 per
