3308 5430
430 607 470 653 oa
491 587 725 653 r’lncnnvllcnrl
745 603 786 648 ou
806 599 977 648 neruorum
1218 583 1277 644 rto

208 755 337 826 hiscum
365 752 578 840 conveniret,
607 751 721 822 taliter
747 747 834 841 quod
859 769 921 816 nos
951 752 986 816 et
1006 752 1123 815 nostra
1143 743 1282 814 Narbo-

209 881 322 950 nensis
355 879 495 949 ecclesia
526 887 560 948 et
596 878 702 946 nostri
733 900 942 949 successores
974 898 1077 969 supra
1109 873 1283 967 premissis

209 1006 339 1074 nullum
387 1003 622 1096 praeindicium
667 1009 892 1094 paterentur3
944 1000 1079 1072 tandem
1128 999 1284 1092 pluribus

209 1128 409 1200 tractatibus
424 1120 551 1197 habitis
578 1127 747 1196 internos
771 1135 806 1196 et
825 1126 951 1196 dictum
975 1126 1165 1218 episcopum
1184 1110 1284 1193 Elec-

210 1264 339 1325 tensem
357 1263 391 1324 et
407 1261 527 1345 gentes
543 1274 622 1321 suas
637 1274 739 1344 supra
753 1251 946 1345 premissis,
967 1261 1000 1321 et
1015 1250 1133 1320 habita
1148 1247 1282 1320 delibe-

212 1379 362 1465 ratione,
391 1378 564 1446 voluntate
577 1432 585 1465 ,
616 1376 755 1446 consilio
784 1385 817 1447 et
847 1399 987 1447 assensu
1016 1374 1154 1469 capituli
1174 1373 1281 1443 nostri
1329 1458 1333 1464 Ι

211 1503 460 1590 Narbonensis,
477 1501 753 1571 concordavimus
768 1525 844 1572 curn
856 1501 944 1570 dioto
962 1500 1120 1571 moderno
1131 1499 1284 1593 episcopo

211 1627 379 1698 Electensi
416 1649 518 1719 supra
553 1626 737 1718 praemissis
773 1627 808 1696 in
846 1626 979 1697 modum
1013 1626 1070 1718 qui
1103 1625 1280 1716 sequitur:
1366 1640 1368 1645 ·

211 1751 378 1822 Videlicet
408 1751 495 1842 quod
531 1751 639 1820 dictus
674 1751 848 1843 episcopus
878 1750 1067 1821 Electensis
1099 1756 1133 1819 et
1166 1747 1218 1818 sui
1247 1745 1282 1815 in

211 1888 408 1968 perpetuum
425 1897 632 1946 successores
653 1875 797 1967 episcopi
822 1875 1013 1946 Electenses
1033 1875 1068 1944 in
1090 1894 1286 1965 recompen-

212 2001 376 2070 sationem
404 2001 554 2069 omnium
581 2000 710 2092 jurium
739 2023 816 2090 quae
846 2023 906 2070 nos
936 2007 971 2070 ot
1000 1999 1140 2071 ecclesia
1170 2005 1286 2068 nostra

213 2126 372 2218 praedicta
396 2126 559 2194 habemus
577 2134 611 2194 et
640 2125 765 2195 habere
788 2147 965 2217 possumus
993 2122 1223 2216 quoquomodo
1250 2123 1286 2190 in

213 2251 357 2342 hospitio
369 2249 528 2342 praedicto
547 2250 677 2319 ratione
691 2272 810 2319 census
825 2260 859 2319 et
875 2249 1044 2341 foriscapii
1059 2255 1094 2318 et
1109 2246 1282 2334 laudimii,

212 2377 331 2447 ceteris
358 2376 493 2466 juribus
522 2375 768 2467 superioritatis
792 2374 887 2444 nobis
920 2382 954 2443 et
983 2374 1131 2444 ecclesiae
1157 2380 1283 2441 nostrae

212 2500 382 2593 praedictae
406 2500 563 2586 retentis,
593 2499 721 2568 dabunt
742 2508 775 2569 et
795 2500 947 2582 solvent,
975 2499 1055 2568 dare
1082 2505 1116 2568 et
1148 2495 1280 2567 solvere

212 2625 415 2694 tenebuntur
455 2647 531 2692 cum
571 2624 765 2692 confusione
808 2631 940 2692 tautum
984 2622 1114 2714 antiqui
1161 2643 1282 2692 census

210 2750 382 2819 duodecim
401 2749 640 2836 denariorum,
665 2770 764 2839 quem
782 2771 919 2818 censum
939 2747 1122 2839 hospitium
1139 2745 1282 2839 praedic-

214 2882 285 2942 tum
296 2874 395 2942 armis
405 2873 551 2963 singulis
561 2872 724 2942 hactenus
735 2873 832 2941 nobis
843 2872 954 2942 facore
969 2871 1111 2960 solebat,
1131 2870 1289 2942 uidelicet

215 3021 329 3067 urzruu
355 3020 431 3091 por
451 2998 642 3067 calcorum
664 2996 818 3066 alborum
849 2995 1085 3067 solvendorum
1123 2996 1218 3065 nobis
1254 3001 1288 3065 et

215 3119 463 3189 successoribus
480 3121 603 3188 nostris
618 3119 773 3210 deinceps
788 3120 1010 3206 infuturum,
1028 3119 1127 3188 aunis
1142 3117 1287 3209 singulis

215 3245 250 3312 in
273 3244 358 3313 sesto
381 3245 469 3314 beati
492 3244 635 3314 'llromae
653 3244 794 3334 apostoli
813 3266 873 3336 per
895 3244 1021 3313 dictum
1040 3244 1231 3334 episcopum
1251 3250 1285 3312 et

216 3392 423 3438 successores
441 3392 518 3438 suos
537 3378 596 3438 aut
611 3380 730 3460 gentes
756 3391 835 3438 suas
860 3369 896 3437 iu
916 3369 986 3437 loco
1000 3367 1051 3439 'de
1072 3368 1237 3455 Liruosio,
1257 3367 1285 3435 si

215 3494 262 3562 ibi
297 3502 481 3584 praesentes
520 3495 684 3563 fuerimus
717 3517 777 3562 uos
809 3494 862 3563 rol
902 3493 1007 3562 nostri
1040 3514 1246 3562 successores
1273 3547 1282 3580 ,

214 3618 376 3709 alioquin,
400 3619 496 3688 nobis
509 3619 661 3707 absente,
685 3618 884 3688 cancellario
903 3640 963 3688 seu
979 3618 1140 3710 receptori
1160 3617 1284 3686 nostris

216 3743 339 3810 Lirnosi
362 3744 435 3813 vice
453 3758 484 3812 ct
505 3743 641 3813 nornine
659 3752 772 3812 nostro
803 3743 995 3834 recipienti²
1030 3744 1082 3812 rel
1112 3766 1172 3834 pro
1205 3743 1288 3833 ipsis

215 3868 403 3936 calcaribus
442 3869 589 3938 valorem
626 3868 726 3937 unius
761 3867 878 3936 tloreni
921 3866 996 3935 auri
1038 3866 1114 3934 boui
1148 3878 1183 3936 et
1224 3865 1283 3934 fini

215 3991 389 4081 ponderis,
425 3992 472 4060 ita
502 3992 589 4083 qnod
615 3991 773 4061 solvendo
798 3991 946 4060 valorem
976 3990 1159 4083 predictum
1187 3991 1288 4059 tulius

215 4117 353 4203 lloreui,
378 4117 405 4184 si
430 4117 611 4186 maluerint
632 4117 742 4208 ipsum
758 4117 887 4186 solvere
903 4139 1005 4207 quam
1025 4114 1188 4195 calcaria,
1207 4126 1286 4184 sunt

216 4240 313 4310 libori
342 4264 363 4309 a
395 4241 560 4310 soluti-ane
581 4241 748 4311 calcorum
776 4220 1028 4332 predictorum,
1066 4262 1126 4311 nec
1153 4261 1221 4307 non
1248 4239 1285 4308 in

217 4365 403 4435 mutatione
424 4365 602 4436 cuiuslibet
621 4364 764 4458 episcopi
784 4365 970 4436 Electensis
988 4364 1118 4435 solvere
1142 4371 1286 4434 tenean-
