3308 5430
297 580 354 640 ⁴30
757 590 850 637 mvnn
871 590 952 639 vnnr

344 738 458 808 Primo
474 737 509 807 in
525 736 666 830 pecunia
681 750 826 827 quatuor
840 734 965 820 libras,
983 733 1098 808 deoem
1115 734 1251 807 solidos

343 889 426 959 Item
458 888 499 957 de
533 888 702 957 frumento
730 886 946 978 septuaginta
980 885 1124 957 sestaria
1152 895 1186 957 et
1215 886 1361 958 mediam

294 1012 478 1106 ponoriarn.
1186 1022 1192 1033 ·

343 1165 426 1233 Item
447 1162 488 1233 de
509 1161 608 1232 ordeo
627 1161 853 1254 qnadraginta
871 1162 938 1232 tria
956 1163 1111 1251 sestaria,
1131 1185 1191 1234 sex
1208 1163 1365 1255 ponerias

293 1297 328 1359 et
342 1288 500 1359 mediam.

344 1440 426 1509 Item
445 1437 530 1508 duas
551 1437 698 1528 gallinas
716 1437 903 1508 censuales

343 1592 425 1661 Item
441 1590 482 1660 de
503 1590 582 1659 vino
596 1589 709 1660 deoem
726 1589 901 1680 migerias.

343 1744 424 1813 Item
446 1740 583 1833 agreria
598 1752 631 1810 et
651 1749 809 1832 laqueo,
828 1753 1005 1833 quartum,
1023 1740 1188 1833 quintum.

343 1894 426 1962 Item
446 1892 623 1985 t'oriseapia
638 1900 672 1962 et
688 1892 863 1962 laudimia.

342 2044 425 2113 Item
443 2043 572 2112 curiam
587 2042 804 2135 temporalem
824 2066 898 2113 oum
921 2043 1086 2130 annexis,
1116 2043 1362 2119 scilicetoom-

294 2166 514 2260 positionibus
535 2180 569 2238 et
589 2167 751 2238 emendis.

344 2317 427 2388 Item
450 2316 615 2387 notariam
635 2340 712 2408 quae
731 2317 907 2409 respondet
923 2318 1066 2388 notariae
1087 2318 1128 2388 de
1148 2317 1288 2390 Ganeto.

342 2469 425 2539 Item
446 2490 561 2537 omnes
577 2467 731 2538 homines
748 2467 827 2538 dieti
843 2468 904 2538 loci
923 2477 1079 2540 tenentur
1095 2469 1205 2539 facere
1224 2468 1361 2540 domino

183 2632 188 2639 -
292 2614 352 2662 suo
382 2591 651 2684 arehiepiscopO,
685 2592 720 2661 in
758 2593 905 2663 novitate
939 2615 1000 2662 sua
1031 2601 1065 2663 et
1095 2594 1195 2663 toties
1229 2595 1361 2686 quoties

294 2717 460 2804 voluerit,
482 2728 731 2788 sacramentnm
753 2717 937 2787 fidelitatis.

782 2994 880 3064 CXX

635 3219 679 3268 nn
704 3219 806 3268 vrum
831 3197 1021 3269 n'nnouno,

342 3401 500 3494 Sequitur
516 3401 607 3472 locos
627 3402 668 3472 de
688 3402 778 3471 Villa
796 3401 978 3472 d’rlnhano
994 3403 1049 3495 qui
1067 3414 1117 3473 est
1133 3410 1223 3474 totos
1236 3403 1362 3474 domini
1450 3462 1455 3471 .

291 3524 528 3616 archiepiscopi
551 3525 782 3595 Narbonensis
806 3548 881 3594 cum
911 3526 1101 3596 omnimoda
1125 3526 1360 3620 jurisdictione

290 3647 361 3717 alta
395 3655 429 3716 et
468 3647 567 3716 bassa
603 3664 632 3716 et
670 3672 760 3718 mero
793 3672 832 3718 ae
869 3649 973 3719 mixto
1006 3650 1147 3742 imperio
1177 3662 1210 3720 et
1242 3650 1360 3742 primis

290 3770 583 3862 appellationibus,

340 3923 422 3992 Item
440 3922 543 3994 habet
558 3926 593 3994 in
609 3925 696 3995 dieto
714 3925 784 3994 loeo
800 3948 877 4016 qoae
897 3934 1060 4018 sequntur
1075 3950 1135 4020 per
1152 3927 1317 3998 ordinem.

340 4073 454 4142 Primo
470 4073 571 4144 habet
583 4075 618 4144 in
633 4085 743 4145 eastre
757 4099 863 4145 unum
876 4076 1057 4168 hospitium
1076 4102 1174 4148 suum
1189 4080 1360 4172 proprium

290 4223 350 4293 pro
383 4199 573 4291 graneriis;
605 4199 721 4269 datum
756 4208 808 4270 est
842 4199 886 4270 ad
919 4223 1043 4271 novum
1075 4204 1264 4296 aoeapitum
1300 4227 1360 4297 per

289 4324 461 4394 dominum
481 4321 718 4394 Guilhermum
737 4323 948 4417 Demigonis.
