3308 5430
529 618 569 664 nn
590 598 826 665 n'nnennvhonrt
846 615 887 662 nn
907 613 1079 665 nannenus
1320 603 1359 664 ht

337 765 454 836 Primo
475 763 511 834 in
530 762 673 858 pecunia
712 814 1114 835 .................
1147 785 1221 835 xxv
1246 761 1356 833 solidi.

337 925 404 996 Pro
422 930 541 1018 questa
558 923 699 995 annuali
721 922 883 995 solvenda
903 922 939 992 in
957 923 1043 993 sesto
1064 921 1224 994 Omnium
1247 922 1359 993 Sanc-

287 1060 400 1122 torum
420 1098 1095 1122 ............................
1128 1044 1225 1118 uunta
1245 1047 1356 1116 librae.

336 1202 422 1274 Item
442 1201 483 1273 de
507 1201 677 1272 frumento
690 1252 1118 1273 ..................
1150 1223 1173 1271 11
1200 1198 1356 1270 sestaria.

338 1355 424 1426 Item
459 1352 500 1423 de
527 1351 627 1423 ordeo
644 1403 1048 1423 .................
1080 1355 1117 1422 v⁰
1141 1373 1176 1422 111
1201 1351 1357 1423 sestaria.

336 1507 421 1577 Item
441 1505 483 1576 de
500 1526 578 1576 cera
586 1555 891 1575 .............
924 1526 946 1573 11
971 1502 1077 1573 libras
1095 1510 1130 1574 et
1147 1511 1210 1576 νῦ118
1230 1503 1356 1575 untias.

338 1659 421 1729 ltem
445 1656 576 1728 ratione
599 1654 857 1726 affraneamenti
873 1707 1102 1728 ..........
1135 1679 1172 1727 rx
1196 1655 1357 1749 gallinas,

338 1837 423 1908 Item
445 1834 623 1906 annuatim
646 1833 822 1905 consuevit
848 1857 921 1906 esse
941 1857 1009 1904 una
1027 1834 1159 1927 gallina
1179 1835 1220 1906 de
1238 1858 1359 1925 censu,

288 1961 347 2033 secl
364 1985 455 2032 nunc
475 1982 542 2031 non
556 1959 741 2044 invenitur,
760 1982 865 2052 qnare
883 1982 943 2053 per
958 1959 1198 2031 bavilnmcnm
1213 1960 1362 2054 diligen-

288 2087 338 2157 tia
356 2084 584 2180 perquiratur.

337 2267 421 2336 ltem
439 2264 543 2335 habet
560 2262 607 2333 ibi
625 2262 788 2355 agreria,
809 2263 962 2352 taschas,
995 2270 1161 2354 lemnum,
1187 2272 1358 2358 quartum,

288 2390 461 2482 quintum.

338 2569 422 2639 ltem
441 2565 620 2660 foriscapia
640 2575 674 2636 et
695 2564 858 2635 laudimia
872 2564 909 2634 in
924 2564 995 2636 loco
1010 2576 1044 2637 et
1059 2566 1095 2636 in
1110 2567 1359 2638 terminalibus.

340 2747 424 2816 ltem
437 2744 566 2815 curiam
582 2743 802 2836 temporalem
817 2767 893 2814 eum
908 2744 1069 2833 annexis,
1089 2744 1215 2817 seilicet
1229 2769 1365 2841 compo-

277 2850 474 2942 sitionibus
494 2877 528 2940 et
546 2868 709 2940 emendis.

341 3051 426 3120 ltem
447 3047 628 3118 notariam.

341 3230 424 3298 ltem
442 3248 558 3296 omnes
576 3225 731 3295 homines
749 3226 827 3296 dicti
848 3226 908 3296 loci
931 3235 1088 3299 tenentur
1104 3228 1215 3299 facere
1230 3227 1364 3298 domino

291 3373 352 3423 sue
380 3350 629 3444 archiepiscopo
653 3350 885 3436 Narbonensi,
918 3351 1015 3422 toties
1040 3353 1169 3446 quoties
1195 3352 1361 3442 voluerit,

292 3485 541 3546 sacramentum
559 3474 746 3546 fidelitatis.

342 3654 425 3724 ltem
459 3652 669 3723 Bertrandus
704 3652 828 3724 Trilha
865 3653 906 3724 de
941 3651 1059 3746 Capite
1096 3654 1249 3746 Stangno
1284 3654 1365 3725 lacit

293 3778 489 3870 homagium
509 3777 643 3848 domino
660 3778 908 3872 archiepiscopo
924 3779 1139 3850 Narbonensi
1161 3802 1221 3873 pro
1239 3778 1365 3873 aliqui-

292 3902 356 3973 bns
376 3901 485 3973 feudis
506 3924 584 3994 quae
601 3909 693 3973 tenet
712 3902 748 3972 in
766 3903 837 3973 loco
858 3902 900 3974 dc
922 3903 1105 3974 Anissano.

342 4078 427 4147 Item
449 4100 516 4147 nna
535 4077 656 4149 mulier
677 4077 718 4149 de
737 4078 878 4148 Bitteris
899 4086 1059 4150 vocata..
1076 4132 1109 4150 ..
1135 4079 1217 4150 facit
1239 4079 1364 4150 homa-

294 4203 390 4294 gium
408 4201 542 4272 domino
561 4203 810 4297 archiepiscopo
828 4226 889 4296 pro
909 4204 1080 4296 aliquibus
1099 4205 1364 4296 possessionibus

295 4348 380 4418 quas
392 4334 485 4398 tenet
498 4349 520 4397 a
533 4327 666 4397 domino
680 4328 929 4421 archiepiscopo
943 4328 980 4397 in
997 4335 1107 4399 castro
1121 4328 1161 4401 de
1178 4329 1359 4399 Anissano.
