<?xml version="1.0" encoding="UTF-8"?>
<!DOCTYPE html PUBLIC "-//W3C//DTD XHTML 1.0 Transitional//EN"
    "http://www.w3.org/TR/xhtml1/DTD/xhtml1-transitional.dtd">
<html xmlns="http://www.w3.org/1999/xhtml" xml:lang="en" lang="en">
 <head>
  <title>
</title>
<meta http-equiv="Content-Type" content="text/html;charset=utf-8" />
  <meta name='ocr-system' content='tesseract 3.04.00' />
  <meta name='ocr-capabilities' content='ocr_page ocr_carea ocr_par ocr_line ocrx_word'/>
</head>
<body>
  <div class='ocr_page' id='page_1' title='image "./livrevertdelarc00fragoog_0198.png"; bbox 0 0 3308 5430; ppageno 0'>
   <div class='ocr_carea' id='block_1_1' title="bbox 532 571 1359 638">
    <p class='ocr_par' dir='ltr' id='par_1_1' title="bbox 532 571 1359 638">
     <span class='ocr_line' id='line_1_1' title="bbox 532 571 1359 638; baseline -0.002 -2"><span class='ocrx_word' id='word_1_1' title='bbox 532 591 573 636; x_wconf 85' lang='lat' dir='ltr'>nn</span> <span class='ocrx_word' id='word_1_2' title='bbox 594 571 829 638; x_wconf 74' lang='lat' dir='ltr'>n‘luounvluud</span> <span class='ocrx_word' id='word_1_3' title='bbox 850 586 890 635; x_wconf 86' lang='lat' dir='ltr'>un</span> <span class='ocrx_word' id='word_1_4' title='bbox 910 585 1078 635; x_wconf 74' lang='lat' dir='ltr'>unuuouuu</span> <span class='ocrx_word' id='word_1_5' title='bbox 1300 574 1359 637; x_wconf 68' lang='lat'>⁴29</span> 
     </span>
    </p>
   </div>
   <div class='ocr_carea' id='block_1_2' title="bbox 341 733 958 809">
    <p class='ocr_par' dir='ltr' id='par_1_2' title="bbox 341 733 958 809">
     <span class='ocr_line' id='line_1_2' title="bbox 341 733 958 809; baseline -0.003 0"><span class='ocrx_word' id='word_1_6' title='bbox 341 739 424 809; x_wconf 84' lang='lat' dir='ltr'>ltem</span> <span class='ocrx_word' id='word_1_7' title='bbox 442 734 671 807; x_wconf 89' lang='lat' dir='ltr'>molendinum</span> <span class='ocrx_word' id='word_1_8' title='bbox 692 757 769 805; x_wconf 88' lang='lat' dir='ltr'>cum</span> <span class='ocrx_word' id='word_1_9' title='bbox 789 733 958 807; x_wconf 89' lang='lat' dir='ltr'>districtu.</span> 
     </span>
    </p>
   </div>
   <div class='ocr_carea' id='block_1_3' title="bbox 291 885 1362 1231">
    <p class='ocr_par' dir='ltr' id='par_1_3' title="bbox 291 885 1362 1231">
     <span class='ocr_line' id='line_1_3' title="bbox 342 885 1362 980; baseline -0.001 -20"><span class='ocrx_word' id='word_1_10' title='bbox 342 891 425 961; x_wconf 88' lang='lat' dir='ltr'>ltem</span> <span class='ocrx_word' id='word_1_11' title='bbox 454 887 614 980; x_wconf 88' lang='lat' dir='ltr'>riperiam</span> <span class='ocrx_word' id='word_1_12' title='bbox 647 908 708 978; x_wconf 93' lang='lat' dir='ltr'>pro</span> <span class='ocrx_word' id='word_1_13' title='bbox 729 886 892 957; x_wconf 87' lang='lat' dir='ltr'>cuniculis</span> <span class='ocrx_word' id='word_1_14' title='bbox 927 909 1003 957; x_wconf 89' lang='lat' dir='ltr'>cum</span> <span class='ocrx_word' id='word_1_15' title='bbox 1039 885 1176 958; x_wconf 84' lang='lat' dir='ltr'>devesia</span> <span class='ocrx_word' id='word_1_16' title='bbox 1198 887 1255 957; x_wconf 93' lang='lat' dir='ltr'>ubi</span> <span class='ocrx_word' id='word_1_17' title='bbox 1281 894 1362 959; x_wconf 86' lang='lat' dir='ltr'>sunt</span> 
     </span>
     <span class='ocr_line' id='line_1_4' title="bbox 294 1011 1362 1106; baseline -0.002 -21"><span class='ocrx_word' id='word_1_18' title='bbox 294 1014 425 1085; x_wconf 85' lang='lat' dir='ltr'>vivaria</span> <span class='ocrx_word' id='word_1_19' title='bbox 455 1020 490 1084; x_wconf 83' lang='lat' dir='ltr'>et</span> <span class='ocrx_word' id='word_1_20' title='bbox 519 1035 659 1105; x_wconf 84' lang='lat' dir='ltr'>garenae</span> <span class='ocrx_word' id='word_1_21' title='bbox 689 1011 932 1098; x_wconf 88' lang='lat' dir='ltr'>cuniculorum,</span> <span class='ocrx_word' id='word_1_22' title='bbox 966 1018 1000 1084; x_wconf 85' lang='lat' dir='ltr'>et</span> <span class='ocrx_word' id='word_1_23' title='bbox 1025 1034 1111 1104; x_wconf 85' lang='lat' dir='ltr'>pena</span> <span class='ocrx_word' id='word_1_24' title='bbox 1135 1011 1362 1106; x_wconf 87' lang='lat' dir='ltr'>quadraginta</span> 
     </span>
     <span class='ocr_line' id='line_1_5' title="bbox 291 1136 1176 1231; baseline -0.003 -21"><span class='ocrx_word' id='word_1_25' title='bbox 291 1139 472 1210; x_wconf 87' lang='lat' dir='ltr'>solidorum</span> <span class='ocrx_word' id='word_1_26' title='bbox 491 1138 691 1231; x_wconf 86' lang='lat' dir='ltr'>quicumque</span> <span class='ocrx_word' id='word_1_27' title='bbox 710 1138 757 1207; x_wconf 92' lang='lat' dir='ltr'>ibi</span> <span class='ocrx_word' id='word_1_28' title='bbox 776 1137 849 1208; x_wconf 88' lang='lat' dir='ltr'>sino</span> <span class='ocrx_word' id='word_1_29' title='bbox 869 1136 1004 1207; x_wconf 86' lang='lat' dir='ltr'>licentia</span> <span class='ocrx_word' id='word_1_30' title='bbox 1022 1145 1176 1209; x_wconf 88' lang='lat' dir='ltr'>venetur.</span> 
     </span>
    </p>
   </div>
   <div class='ocr_carea' id='block_1_4' title="bbox 293 1289 1361 1612">
    <p class='ocr_par' dir='ltr' id='par_1_4' title="bbox 293 1289 1361 1612">
     <span class='ocr_line' id='line_1_6' title="bbox 342 1289 1361 1382; baseline 0.002 -21"><span class='ocrx_word' id='word_1_31' title='bbox 342 1292 426 1362; x_wconf 91' lang='lat' dir='ltr'>ltem</span> <span class='ocrx_word' id='word_1_32' title='bbox 441 1300 602 1382; x_wconf 79' lang='lat' dir='ltr'>stagnum</span> <span class='ocrx_word' id='word_1_33' title='bbox 612 1298 769 1361; x_wconf 86' lang='lat' dir='ltr'>vocatum</span> <span class='ocrx_word' id='word_1_34' title='bbox 783 1289 825 1361; x_wconf 92' lang='lat' dir='ltr'>de</span> <span class='ocrx_word' id='word_1_35' title='bbox 834 1289 1012 1360; x_wconf 79' lang='lat' dir='ltr'>Crusaadis</span> <span class='ocrx_word' id='word_1_36' title='bbox 1023 1289 1078 1360; x_wconf 92' lang='lat' dir='ltr'>ubi</span> <span class='ocrx_word' id='word_1_37' title='bbox 1093 1289 1197 1361; x_wconf 90' lang='lat' dir='ltr'>habet</span> <span class='ocrx_word' id='word_1_38' title='bbox 1206 1289 1361 1363; x_wconf 91' lang='lat' dir='ltr'>dominus</span> 
     </span>
     <span class='ocr_line' id='line_1_7' title="bbox 293 1414 1361 1508; baseline 0 -21"><span class='ocrx_word' id='word_1_39' title='bbox 293 1415 505 1487; x_wconf 85' lang='lat' dir='ltr'>medietatem</span> <span class='ocrx_word' id='word_1_40' title='bbox 541 1416 577 1485; x_wconf 94' lang='lat' dir='ltr'>in</span> <span class='ocrx_word' id='word_1_41' title='bbox 613 1415 823 1508; x_wconf 75' lang='lat' dir='ltr'>piscatione,</span> <span class='ocrx_word' id='word_1_42' title='bbox 855 1414 924 1484; x_wconf 87' lang='lat' dir='ltr'>ulia</span> <span class='ocrx_word' id='word_1_43' title='bbox 952 1414 1114 1487; x_wconf 82' lang='lat' dir='ltr'>medietas</span> <span class='ocrx_word' id='word_1_44' title='bbox 1147 1425 1199 1487; x_wconf 91' lang='lat' dir='ltr'>est</span> <span class='ocrx_word' id='word_1_45' title='bbox 1230 1416 1361 1488; x_wconf 84' lang='lat' dir='ltr'>comitis</span> 
     </span>
     <span class='ocr_line' id='line_1_8' title="bbox 295 1540 566 1612; baseline 0 -2"><span class='ocrx_word' id='word_1_46' title='bbox 295 1540 566 1612; x_wconf 74' lang='lat' dir='ltr'>Vindocinensis</span> 
     </span>
    </p>
   </div>
   <div class='ocr_carea' id='block_1_5' title="bbox 293 1689 1362 1887">
    <p class='ocr_par' dir='ltr' id='par_1_5' title="bbox 293 1689 1362 1887">
     <span class='ocr_line' id='line_1_9' title="bbox 342 1689 1362 1785; baseline 0.003 -24"><span class='ocrx_word' id='word_1_47' title='bbox 342 1692 425 1762; x_wconf 89' lang='lat' dir='ltr'>Item</span> <span class='ocrx_word' id='word_1_48' title='bbox 446 1690 549 1761; x_wconf 80' lang='lat' dir='ltr'>habet</span> <span class='ocrx_word' id='word_1_49' title='bbox 573 1691 609 1760; x_wconf 93' lang='lat' dir='ltr'>in</span> <span class='ocrx_word' id='word_1_50' title='bbox 635 1689 723 1761; x_wconf 85' lang='lat' dir='ltr'>dicto</span> <span class='ocrx_word' id='word_1_51' title='bbox 747 1697 869 1762; x_wconf 83' lang='lat' dir='ltr'>stanno</span> <span class='ocrx_word' id='word_1_52' title='bbox 900 1691 1113 1763; x_wconf 89' lang='lat' dir='ltr'>venationem</span> <span class='ocrx_word' id='word_1_53' title='bbox 1140 1693 1256 1764; x_wconf 88' lang='lat' dir='ltr'>avium</span> <span class='ocrx_word' id='word_1_54' title='bbox 1284 1715 1362 1785; x_wconf 84' lang='lat' dir='ltr'>quae</span> 
     </span>
     <span class='ocr_line' id='line_1_10' title="bbox 293 1823 528 1887; baseline -0.017 0"><span class='ocrx_word' id='word_1_55' title='bbox 293 1823 345 1887; x_wconf 87' lang='lat' dir='ltr'>est</span> <span class='ocrx_word' id='word_1_56' title='bbox 365 1823 435 1886; x_wconf 88' lang='lat' dir='ltr'>tota</span> <span class='ocrx_word' id='word_1_57' title='bbox 453 1837 528 1886; x_wconf 86' lang='lat' dir='ltr'>sua.</span> 
     </span>
    </p>
   </div>
   <div class='ocr_carea' id='block_1_6' title="bbox 293 1965 1363 2183">
    <p class='ocr_par' dir='ltr' id='par_1_6' title="bbox 293 1965 1363 2183">
     <span class='ocr_line' id='line_1_11' title="bbox 343 1965 1363 2042; baseline 0.005 -5"><span class='ocrx_word' id='word_1_58' title='bbox 343 1968 426 2038; x_wconf 89' lang='lat' dir='ltr'>ltem</span> <span class='ocrx_word' id='word_1_59' title='bbox 458 1966 561 2037; x_wconf 84' lang='lat' dir='ltr'>habet</span> <span class='ocrx_word' id='word_1_60' title='bbox 591 1966 628 2036; x_wconf 93' lang='lat' dir='ltr'>in</span> <span class='ocrx_word' id='word_1_61' title='bbox 663 1965 733 2038; x_wconf 88' lang='lat' dir='ltr'>loco</span> <span class='ocrx_word' id='word_1_62' title='bbox 766 1976 801 2039; x_wconf 86' lang='lat' dir='ltr'>et</span> <span class='ocrx_word' id='word_1_63' title='bbox 835 1967 1071 2039; x_wconf 80' lang='lat' dir='ltr'>terminalibus</span> <span class='ocrx_word' id='word_1_64' title='bbox 1104 1967 1146 2040; x_wconf 89' lang='lat' dir='ltr'>de</span> <span class='ocrx_word' id='word_1_65' title='bbox 1184 1968 1363 2042; x_wconf 85' lang='lat' dir='ltr'>Cruscadis</span> 
     </span>
     <span class='ocr_line' id='line_1_12' title="bbox 293 2089 1007 2183; baseline 0.003 -23"><span class='ocrx_word' id='word_1_66' title='bbox 293 2091 508 2161; x_wconf 79' lang='lat' dir='ltr'>venationem</span> <span class='ocrx_word' id='word_1_67' title='bbox 527 2089 756 2161; x_wconf 86' lang='lat' dir='ltr'>cuniculorum</span> <span class='ocrx_word' id='word_1_68' title='bbox 775 2098 810 2162; x_wconf 85' lang='lat' dir='ltr'>et</span> <span class='ocrx_word' id='word_1_69' title='bbox 825 2090 1007 2183; x_wconf 87' lang='lat' dir='ltr'>perdicum.</span> 
     </span>
    </p>
   </div>
   <div class='ocr_carea' id='block_1_7' title="bbox 343 2241 856 2465">
    <p class='ocr_par' dir='ltr' id='par_1_7' title="bbox 343 2241 856 2465">
     <span class='ocr_line' id='line_1_13' title="bbox 343 2241 856 2334; baseline 0 -22"><span class='ocrx_word' id='word_1_70' title='bbox 343 2243 426 2313; x_wconf 85' lang='lat' dir='ltr'>ltem</span> <span class='ocrx_word' id='word_1_71' title='bbox 448 2241 576 2313; x_wconf 90' lang='lat' dir='ltr'>cridam</span> <span class='ocrx_word' id='word_1_72' title='bbox 590 2247 625 2312; x_wconf 89' lang='lat' dir='ltr'>et</span> <span class='ocrx_word' id='word_1_73' title='bbox 642 2241 856 2334; x_wconf 89' lang='lat' dir='ltr'>inquantum.</span> 
     </span>
     <span class='ocr_line' id='line_1_14' title="bbox 343 2393 573 2465; baseline 0 -2"><span class='ocrx_word' id='word_1_74' title='bbox 343 2394 425 2465; x_wconf 86' lang='lat' dir='ltr'>ltem</span> <span class='ocrx_word' id='word_1_75' title='bbox 448 2393 573 2463; x_wconf 88' lang='lat' dir='ltr'>banna.</span> 
     </span>
    </p>
   </div>
   <div class='ocr_carea' id='block_1_8' title="bbox 342 2542 1362 2638">
    <p class='ocr_par' dir='ltr' id='par_1_8' title="bbox 342 2542 1362 2638">
     <span class='ocr_line' id='line_1_15' title="bbox 342 2542 1362 2638; baseline 0.004 -24"><span class='ocrx_word' id='word_1_76' title='bbox 342 2545 426 2615; x_wconf 86' lang='lat' dir='ltr'>Item</span> <span class='ocrx_word' id='word_1_77' title='bbox 447 2566 563 2614; x_wconf 88' lang='lat' dir='ltr'>omnes</span> <span class='ocrx_word' id='word_1_78' title='bbox 584 2543 738 2613; x_wconf 88' lang='lat' dir='ltr'>homines</span> <span class='ocrx_word' id='word_1_79' title='bbox 755 2542 835 2614; x_wconf 88' lang='lat' dir='ltr'>dicti</span> <span class='ocrx_word' id='word_1_80' title='bbox 864 2542 926 2612; x_wconf 91' lang='lat' dir='ltr'>loci</span> <span class='ocrx_word' id='word_1_81' title='bbox 955 2550 1115 2615; x_wconf 88' lang='lat' dir='ltr'>tenentur</span> <span class='ocrx_word' id='word_1_82' title='bbox 1138 2554 1294 2638; x_wconf 86' lang='lat' dir='ltr'>aportare</span> <span class='ocrx_word' id='word_1_83' title='bbox 1321 2546 1362 2618; x_wconf 91' lang='lat' dir='ltr'>de</span> 
     </span>
    </p>
   </div>
   <div class='ocr_carea' id='block_1_9' title="bbox 295 2667 1387 2889">
    <p class='ocr_par' dir='ltr' id='par_1_9' title="bbox 295 2667 1387 2889">
     <span class='ocr_line' id='line_1_16' title="bbox 295 2667 1387 2763; baseline 0.004 -25"><span class='ocrx_word' id='word_1_84' title='bbox 295 2692 375 2740; x_wconf 83' lang='lat' dir='ltr'>area</span> <span class='ocrx_word' id='word_1_85' title='bbox 398 2668 441 2738; x_wconf 85' lang='lat' dir='ltr'>ad</span> <span class='ocrx_word' id='word_1_86' title='bbox 470 2668 629 2760; x_wconf 79' lang='lat' dir='ltr'>granerio</span> <span class='ocrx_word' id='word_1_87' title='bbox 648 2668 774 2738; x_wconf 91' lang='lat' dir='ltr'>domini</span> <span class='ocrx_word' id='word_1_88' title='bbox 801 2668 854 2738; x_wconf 89' lang='lat' dir='ltr'>sui</span> <span class='ocrx_word' id='word_1_89' title='bbox 879 2667 1362 2762; x_wconf 84' lang='lat' dir='ltr'>archiepiscopi,cumoor11m</span> <span class='ocrx_word' id='word_1_90' title='bbox 1384 2758 1387 2763; x_wconf 19' lang='grc' dir='ltr'>ι</span> 
     </span>
     <span class='ocr_line' id='line_1_17' title="bbox 295 2767 1382 2889; baseline 0.002 -25"><span class='ocrx_word' id='word_1_91' title='bbox 295 2793 400 2864; x_wconf 91' lang='lat' dir='ltr'>saccis</span> <span class='ocrx_word' id='word_1_92' title='bbox 418 2800 452 2864; x_wconf 89' lang='lat' dir='ltr'>et</span> <span class='ocrx_word' id='word_1_93' title='bbox 471 2793 639 2880; x_wconf 75' lang='lat' dir='ltr'>rabassiS,</span> <span class='ocrx_word' id='word_1_94' title='bbox 662 2801 767 2862; x_wconf 86' lang='lat' dir='ltr'>toturn</span> <span class='ocrx_word' id='word_1_95' title='bbox 784 2792 921 2862; x_wconf 89' lang='lat' dir='ltr'>bladum</span> <span class='ocrx_word' id='word_1_96' title='bbox 936 2792 1121 2864; x_wconf 88' lang='lat' dir='ltr'>dedecima</span> <span class='ocrx_word' id='word_1_97' title='bbox 1138 2803 1172 2865; x_wconf 87' lang='lat' dir='ltr'>et</span> <span class='ocrx_word' id='word_1_98' title='bbox 1191 2796 1335 2889; x_wconf 82' lang='lat' dir='ltr'>tesquis.</span> <span class='ocrx_word' id='word_1_99' title='bbox 1370 2767 1382 2787; x_wconf 54' lang='grc'>’</span> 
     </span>
    </p>
   </div>
   <div class='ocr_carea' id='block_1_10' title="bbox 294 2943 1363 3659">
    <p class='ocr_par' dir='ltr' id='par_1_10' title="bbox 294 2943 1363 3659">
     <span class='ocr_line' id='line_1_18' title="bbox 344 2943 1363 3030; baseline 0.003 -16"><span class='ocrx_word' id='word_1_100' title='bbox 344 2945 427 3015; x_wconf 85' lang='lat' dir='ltr'>ltem</span> <span class='ocrx_word' id='word_1_101' title='bbox 459 2944 582 3015; x_wconf 89' lang='lat' dir='ltr'>debent</span> <span class='ocrx_word' id='word_1_102' title='bbox 614 2944 816 3030; x_wconf 77' lang='lat' dir='ltr'>acinariam3</span> <span class='ocrx_word' id='word_1_103' title='bbox 854 2966 971 3015; x_wconf 88' lang='lat' dir='ltr'>omues</span> <span class='ocrx_word' id='word_1_104' title='bbox 1004 2943 1158 3016; x_wconf 87' lang='lat' dir='ltr'>homines</span> <span class='ocrx_word' id='word_1_105' title='bbox 1187 2945 1265 3016; x_wconf 90' lang='lat' dir='ltr'>dicti</span> <span class='ocrx_word' id='word_1_106' title='bbox 1300 2946 1363 3017; x_wconf 93' lang='lat' dir='ltr'>loci</span> 
     </span>
     <span class='ocr_line' id='line_1_19' title="bbox 294 3067 1363 3162; baseline 0.004 -24"><span class='ocrx_word' id='word_1_107' title='bbox 294 3067 458 3139; x_wconf 86' lang='lat' dir='ltr'>habentes</span> <span class='ocrx_word' id='word_1_108' title='bbox 478 3068 641 3139; x_wconf 88' lang='lat' dir='ltr'>animalia</span> <span class='ocrx_word' id='word_1_109' title='bbox 662 3077 818 3140; x_wconf 86' lang='lat' dir='ltr'>tenentur</span> <span class='ocrx_word' id='word_1_110' title='bbox 837 3076 972 3162; x_wconf 88' lang='lat' dir='ltr'>portare</span> <span class='ocrx_word' id='word_1_111' title='bbox 986 3069 1075 3161; x_wconf 91' lang='lat' dir='ltr'>apud</span> <span class='ocrx_word' id='word_1_112' title='bbox 1098 3070 1296 3142; x_wconf 79' lang='lat' dir='ltr'>Narbonem</span> <span class='ocrx_word' id='word_1_113' title='bbox 1320 3071 1363 3142; x_wconf 90' lang='lat' dir='ltr'>ad</span> 
     </span>
     <span class='ocr_line' id='line_1_20' title="bbox 294 3192 1362 3286; baseline 0.004 -24"><span class='ocrx_word' id='word_1_114' title='bbox 294 3194 454 3284; x_wconf 83' lang='lat' dir='ltr'>graneria</span> <span class='ocrx_word' id='word_1_115' title='bbox 471 3192 598 3263; x_wconf 85' lang='lat' dir='ltr'>dornini</span> <span class='ocrx_word' id='word_1_116' title='bbox 619 3194 671 3263; x_wconf 90' lang='lat' dir='ltr'>sui</span> <span class='ocrx_word' id='word_1_117' title='bbox 695 3193 935 3286; x_wconf 84' lang='lat' dir='ltr'>archiepiscopi</span> <span class='ocrx_word' id='word_1_118' title='bbox 961 3217 1051 3265; x_wconf 91' lang='lat' dir='ltr'>anno</span> <span class='ocrx_word' id='word_1_119' title='bbox 1076 3195 1225 3286; x_wconf 88' lang='lat' dir='ltr'>quolibet</span> <span class='ocrx_word' id='word_1_120' title='bbox 1255 3205 1362 3266; x_wconf 90' lang='lat' dir='ltr'>totum</span> 
     </span>
     <span class='ocr_line' id='line_1_21' title="bbox 296 3315 1363 3410; baseline 0.006 -25"><span class='ocrx_word' id='word_1_121' title='bbox 296 3316 430 3386; x_wconf 91' lang='lat' dir='ltr'>bladum</span> <span class='ocrx_word' id='word_1_122' title='bbox 459 3315 500 3387; x_wconf 91' lang='lat' dir='ltr'>de</span> <span class='ocrx_word' id='word_1_123' title='bbox 519 3317 656 3388; x_wconf 88' lang='lat' dir='ltr'>decimis</span> <span class='ocrx_word' id='word_1_124' title='bbox 676 3325 710 3388; x_wconf 86' lang='lat' dir='ltr'>ot</span> <span class='ocrx_word' id='word_1_125' title='bbox 735 3319 863 3410; x_wconf 88' lang='lat' dir='ltr'>tasquis</span> <span class='ocrx_word' id='word_1_126' title='bbox 889 3325 924 3389; x_wconf 87' lang='lat' dir='ltr'>et</span> <span class='ocrx_word' id='word_1_127' title='bbox 951 3318 1112 3407; x_wconf 89' lang='lat' dir='ltr'>usaticis,</span> <span class='ocrx_word' id='word_1_128' title='bbox 1143 3317 1363 3391; x_wconf 83' lang='lat' dir='ltr'>et&#39;dominus</span> 
     </span>
     <span class='ocr_line' id='line_1_22' title="bbox 294 3440 1363 3537; baseline 0.006 -28"><span class='ocrx_word' id='word_1_129' title='bbox 294 3440 563 3533; x_wconf 90' lang='lat' dir='ltr'>archiepiscopus</span> <span class='ocrx_word' id='word_1_130' title='bbox 581 3441 679 3512; x_wconf 87' lang='lat' dir='ltr'>debet</span> <span class='ocrx_word' id='word_1_131' title='bbox 700 3442 750 3513; x_wconf 86' lang='lat' dir='ltr'>eis</span> <span class='ocrx_word' id='word_1_132' title='bbox 771 3443 943 3513; x_wconf 85' lang='lat' dir='ltr'>Narbonae</span> <span class='ocrx_word' id='word_1_133' title='bbox 963 3443 998 3512; x_wconf 92' lang='lat' dir='ltr'>in</span> <span class='ocrx_word' id='word_1_134' title='bbox 1014 3442 1154 3537; x_wconf 89' lang='lat' dir='ltr'>prandio</span> <span class='ocrx_word' id='word_1_135' title='bbox 1170 3443 1363 3515; x_wconf 90' lang='lat' dir='ltr'>hominibus</span> 
     </span>
     <span class='ocr_line' id='line_1_23' title="bbox 296 3564 604 3659; baseline 0.006 -24"><span class='ocrx_word' id='word_1_136' title='bbox 296 3564 404 3635; x_wconf 91' lang='lat' dir='ltr'>solum</span> <span class='ocrx_word' id='word_1_137' title='bbox 426 3589 604 3659; x_wconf 76' lang='lat' dir='ltr'>expensas.</span> 
     </span>
    </p>
   </div>
   <div class='ocr_carea' id='block_1_11' title="bbox 775 3805 890 3876">
    <p class='ocr_par' dir='ltr' id='par_1_11' title="bbox 775 3805 890 3876">
     <span class='ocr_line' id='line_1_24' title="bbox 775 3805 890 3876; baseline 0 0"><span class='ocrx_word' id='word_1_138' title='bbox 775 3805 890 3876; x_wconf 86' lang='lat' dir='ltr'>CXIX</span> 
     </span>
    </p>
   </div>
   <div class='ocr_carea' id='block_1_12' title="bbox 653 4031 1025 4084">
    <p class='ocr_par' dir='ltr' id='par_1_12' title="bbox 653 4031 1025 4084">
     <span class='ocr_line' id='line_1_25' title="bbox 653 4031 1025 4084; baseline 0.005 -4"><span class='ocrx_word' id='word_1_139' title='bbox 653 4031 733 4081; x_wconf 76' lang='lat' dir='ltr'>mnu</span> <span class='ocrx_word' id='word_1_140' title='bbox 760 4032 803 4082; x_wconf 78' lang='lat' dir='ltr'>DE</span> <span class='ocrx_word' id='word_1_141' title='bbox 827 4032 1025 4084; x_wconf 78' lang='lat' dir='ltr'>CRUSCADIS.</span> 
     </span>
    </p>
   </div>
   <div class='ocr_carea' id='block_1_13' title="bbox 346 4213 1366 4305">
    <p class='ocr_par' dir='ltr' id='par_1_13' title="bbox 346 4213 1366 4305">
     <span class='ocr_line' id='line_1_26' title="bbox 346 4213 1366 4305; baseline 0.007 -22"><span class='ocrx_word' id='word_1_142' title='bbox 346 4213 518 4305; x_wconf 86' lang='lat' dir='ltr'>Sequntur</span> <span class='ocrx_word' id='word_1_143' title='bbox 553 4237 673 4286; x_wconf 88' lang='lat' dir='ltr'>census</span> <span class='ocrx_word' id='word_1_144' title='bbox 705 4215 870 4287; x_wconf 88' lang='lat' dir='ltr'>annuales</span> <span class='ocrx_word' id='word_1_145' title='bbox 904 4216 983 4287; x_wconf 89' lang='lat' dir='ltr'>dicti</span> <span class='ocrx_word' id='word_1_146' title='bbox 1025 4217 1087 4288; x_wconf 90' lang='lat' dir='ltr'>loci</span> <span class='ocrx_word' id='word_1_147' title='bbox 1127 4218 1232 4290; x_wconf 82' lang='lat' dir='ltr'>debiti</span> <span class='ocrx_word' id='word_1_148' title='bbox 1276 4242 1366 4290; x_wconf 89' lang='lat' dir='ltr'>anuo</span> 
     </span>
    </p>
   </div>
   <div class='ocr_carea' id='block_1_14' title="bbox 297 4337 1206 4529">
    <p class='ocr_par' dir='ltr' id='par_1_14' title="bbox 297 4337 1206 4529">
     <span class='ocr_line' id='line_1_27' title="bbox 297 4337 1101 4434; baseline 0.01 -29"><span class='ocrx_word' id='word_1_149' title='bbox 297 4337 446 4429; x_wconf 86' lang='lat' dir='ltr'>quolibet</span> <span class='ocrx_word' id='word_1_150' title='bbox 459 4337 594 4409; x_wconf 90' lang='lat' dir='ltr'>domino</span> <span class='ocrx_word' id='word_1_151' title='bbox 609 4337 857 4434; x_wconf 86' lang='lat' dir='ltr'>archiepiscopo</span> <span class='ocrx_word' id='word_1_152' title='bbox 872 4341 1101 4415; x_wconf 84' lang='lat' dir='ltr'>Narbonensi.</span> 
     </span>
     <span class='ocr_line' id='line_1_28' title="bbox 1187 4469 1206 4529; baseline 0 0"><span class='ocrx_word' id='word_1_153' title='bbox 1187 4469 1206 4529; x_wconf 82' lang='lat'>9</span> 
     </span>
    </p>
   </div>
   <div class='ocr_carea' id='block_1_15' title="bbox 0 0 1664 5430">
    <p class='ocr_par' dir='ltr' id='par_1_15' title="bbox 0 0 1664 5430">
     <span class='ocr_line' id='line_1_29' title="bbox 0 0 1664 5430; baseline 0 0"><span class='ocrx_word' id='word_1_154' title='bbox 0 0 1664 5430; x_wconf 95' lang='lat' dir='ltr'> </span> 
     </span>
    </p>
   </div>
  </div>
 </body>
</html>
