3308 5430
527 627 567 673 un
588 607 823 674 u’nncunvtoml
845 627 885 672 nn
905 625 1074 674 unnuouun
1297 614 1354 676 tot

334 775 419 844 Item
437 773 479 844 de
493 773 662 842 frumento
679 771 722 842 ad
742 793 936 843 mensuram
953 772 1145 844 censualem
1166 773 1356 866 quindecim

289 899 425 988 modia,
446 921 568 969 novem
584 880 751 985 sestaria,
772 897 931 968 eminam.

336 1063 420 1132 Item
434 1059 476 1132 de
491 1059 591 1129 ordeo
609 1081 669 1129 sex
683 1057 811 1144 modia,
836 1080 956 1128 novem
976 1059 1132 1130 sestaria.

337 1222 420 1293 Item
436 1219 583 1313 gallinas
598 1219 639 1290 de
659 1241 761 1290 censu
782 1227 916 1290 centurn
932 1219 1076 1311 triginta
1096 1243 1230 1292 novem.

339 1382 423 1453 Item
447 1403 553 1451 unum
568 1402 630 1472 par
649 1378 917 1450 chirothecarum
934 1379 1128 1451 Bernardus
1142 1379 1184 1452 de
1199 1380 1358 1452 lubianis

289 1502 360 1574 dat.

336 1664 423 1734 Item
438 1662 480 1733 de
503 1683 581 1732 cera
593 1667 720 1754 septem
735 1661 840 1732 libras
854 1684 929 1732 eum
949 1660 1100 1732 dimidia.

337 1813 422 1883 Item
434 1811 476 1882 de
488 1833 575 1904 pane
590 1810 631 1882 de
645 1834 747 1882 censu
763 1811 886 1905 viginti
907 1812 992 1884 duas
1012 1813 1118 1886 libras
1133 1815 1243 1909 panis

337 1963 423 2034 Item
439 1968 582 2054 quatuor
602 1963 775 2057 quarteria
794 1963 941 2034 mutonis
959 1963 1000 2035 de
1019 1987 1135 2036 censu.

340 2116 423 2184 Item
440 2136 543 2184 unum
559 2136 687 2206 agnum
701 2114 742 2185 de
757 2137 871 2186 censu.

341 2267 424 2337 Item
443 2265 484 2335 de
503 2266 581 2336 vino
595 2266 661 2337 duo
677 2268 819 2338 sestaria
834 2277 868 2338 et
886 2268 1046 2339 eminam.

342 2420 425 2489 Item
444 2418 486 2488 de
504 2419 576 2489 oleo
592 2419 737 2490 mediam
759 2419 951 2512 migeriam.

340 2571 424 2640 Item
443 2571 598 2662 agreria,
616 2580 771 2663 tasquas‚
796 2582 960 2661 tersoneS,
984 2580 1167 2665 quartum,
1188 2573 1357 2666 quintum.

339 2723 426 2792 Item
445 2723 625 2816 foriscapia
646 2732 679 2794 et
694 2723 867 2794 laudimia.

342 2888 425 2957 Item
440 2886 569 2956 curiam
589 2886 807 2978 temporalem
825 2908 899 2956 eum
915 2887 1076 2975 annexis,
1110 2887 1237 2958 scilicet
1264 2911 1361 2958 com-

293 3011 514 3104 positionibus
529 3020 563 3080 et
584 3011 746 3080 emendis.

342 3177 426 3244 Item
460 3172 625 3242 notariam
659 3195 736 3264 quae
772 3172 862 3244 valet
893 3173 1115 3245 communiter
1145 3172 1269 3265 viginti
1308 3174 1362 3244 vel

293 3299 418 3392 viginti
437 3298 585 3391 quinque
603 3297 720 3368 libras.
1141 3277 1145 3284 ⁴

341 3460 425 3529 Item
448 3479 564 3527 omnes
579 3456 731 3527 homines
745 3455 824 3526 dicti
840 3455 902 3527 loci
924 3464 1080 3528 tenentur
1098 3458 1210 3531 facere
1225 3458 1360 3531 domino

294 3607 354 3654 suo
389 3582 658 3674 archiepiscopo,
693 3581 728 3649 in
758 3581 906 3652 novitate
936 3604 997 3652 sua
1030 3588 1065 3652 et
1099 3583 1198 3656 toties
1231 3583 1362 3677 quoties

294 3707 459 3795 voluerit,
479 3712 727 3777 sacramentum
740 3705 924 3776 fidelitatis,

344 3870 427 3938 Item
461 3868 551 3937 inira
569 3866 837 3959 jurisdictionem
864 3874 898 3936 et
927 3865 1163 3938 terminalibus
1192 3869 1294 3945 castri
1323 3869 1365 3941 de

295 3992 476 4062 Alanhano
491 3997 542 4061 est
558 3989 688 4060 bastida
709 3989 750 4060 de
772 3989 914 4060 Piuollis
935 3996 970 4060 et
991 3990 1121 4061 bastida
1142 4014 1230 4063 nova
1250 3992 1363 4063 Sancti

297 4118 405 4205 Petri,
435 4119 469 4185 in
496 4117 618 4209 quibus
645 4117 726 4185 locis
748 4115 903 4185 domiuus
929 4115 1198 4210 archiepiscopus
1225 4118 1364 4188 Narbo-

297 4243 411 4312 nensis
427 4241 529 4311 habet
544 4240 769 4311 omnimodam
785 4247 818 4310 et
832 4240 963 4331 aliquos
983 4263 1121 4330 census,
1149 4241 1207 4312 sed
1221 4263 1364 4334 compu-

298 4374 413 4437 tantur
431 4388 508 4435 eum
522 4363 678 4436 censibus
691 4363 793 4435 castri
809 4363 850 4435 de
872 4362 1066 4437 Alanhano.
1208 4351 1216 4365 ’
