3308 5430
750 588 842 635 nlvuu
865 589 944 635 VERT

767 758 897 831 CXXII

677 959 721 1009 Du}
746 960 977 1018 uulunnuuuo

347 1117 506 1210 Sequitur
540 1118 630 1187 locus
661 1114 702 1187 de
729 1116 933 1194 Quithaueto
968 1118 1002 1187 in
1032 1140 1099 1211 quo
1119 1118 1190 1189 looo
1209 1118 1366 1190 dominus

296 1241 564 1335 archiepiscopus
594 1241 825 1312 Narbonensis
853 1240 956 1313 habet
984 1248 1089 1313 totam
1119 1241 1224 1313 altam
1251 1242 1365 1335 juris-

295 1350 474 1438 dictionem
499 1373 534 1438 et
562 1389 692 1437 merum
720 1389 760 1435 ac
792 1366 936 1436 mixtum
965 1366 1145 1459 imperium
1174 1375 1209 1438 et
1237 1367 1365 1461 primas

295 1491 537 1585 appellationes
565 1498 599 1561 ot
623 1499 777 1583 quartam
797 1499 928 1583 partem
948 1491 1194 1584 jurisdictionis
1218 1492 1364 1586 mejanae

295 1619 367 1690 sive
397 1618 529 1704 bassae,
554 1615 633 1687 aliae
657 1632 726 1686 tres
749 1631 828 1686 sunt
854 1616 992 1709 capituli
1019 1616 1133 1688 Sancti
1159 1617 1249 1688 Justi
1271 1618 1364 1689 Nar·

295 1742 466 1812 bonensis.
1283 1742 1290 1759 '

343 1885 427 1954 ltem
446 1883 549 1953 habet
563 1883 599 1952 in
614 1881 771 1974 praedicto
784 1881 855 1952 loco
869 1881 935 1953 duo
948 1883 1110 1975 homagia
1125 1882 1363 1976 praedictorum

292 2008 434 2080 loannis
459 2007 584 2078 Vitalis
614 2016 648 2078 et
680 2008 726 2078 N.
763 2007 804 2077 de
842 2006 1099 2100 hloutesquivo,
1143 2007 1199 2099 qui
1228 2006 1363 2101 quidem

293 2139 409 2206 tonent
440 2156 461 2203 a
502 2132 636 2202 domino
665 2131 913 2226 archiepiscopo
950 2132 1162 2203 Narbonensi
1202 2132 1363 2226 quidquid

294 2267 409 2328 tenent
432 2257 467 2327 in
485 2255 573 2327 dicto
591 2266 700 2326 castro
721 2256 784 2327 sub
804 2256 1008 2348 prestatione
1029 2257 1182 2351 homagii
1197 2256 1311 2350 ligerii
1328 2264 1362 2328 et

292 2381 555 2474 recognitionem
576 2380 666 2452 feudi
687 2404 763 2451 cum
784 2381 1007 2473 potestativo,
1030 2404 1107 2452 cum
1138 2381 1300 2453 laudimio
1327 2387 1363 2453 et

293 2505 482 2599 foriscapio,
504 2505 533 2576 si
553 2505 766 2577 venderetur.

342 2648 425 2718 ltem
455 2646 559 2719 habet
588 2648 623 2717 in
653 2647 741 2717 dicto
772 2655 882 2717 rastro
909 2646 1064 2718 dominus
1092 2646 1361 2740 archiepiscopus
1450 2634 1454 2642 ¹

292 2771 523 2843 Narbonensis
537 2781 759 2865 potestatem,
779 2772 934 2843 videlicet
954 2772 989 2842 in
1006 2772 1157 2843 novitate
1178 2771 1361 2865 cujuslibet

254 2892 260 2903 '
290 2897 529 2990 archiepiscopi
546 2896 776 2968 Narbonensis
793 2897 829 2966 iu
847 2896 994 2968 adventu
1008 2920 1068 2967 suo
1089 2895 1131 2968 de
1151 2919 1238 2968 novo
1252 2896 1308 2968 vel
1323 2896 1360 2967 in

291 3022 437 3092 adventu
463 3022 608 3116 alicujus
639 3023 804 3094 venientis
830 3045 871 3094 ex
897 3032 993 3114 parte
1015 3045 1095 3111 sua,
1117 3045 1176 3115 pro
1199 3021 1359 3114 reoogni-
1457 3039 1459 3042 ’

290 3147 438 3217 tionibus
459 3147 633 3235 faciendis,
657 3147 745 3216 mitti
764 3122 886 3218 debent
901 3155 934 3217 et
949 3146 1037 3217 tradi
1056 3147 1169 3218 claves
1183 3146 1299 3236 castri,
1322 3151 1358 3217 et

291 3273 429 3342 vassalli
449 3271 571 3343 debent
599 3273 663 3342 sibi
687 3271 856 3342 dimittere
870 3280 978 3342 totum
1003 3279 1168 3360 castrum,
1199 3278 1233 3342 et
1257 3270 1359 3342 debet

292 3397 368 3489 poni
408 3397 543 3488 signum
583 3419 642 3467 seu
679 3396 838 3466 vexillum
873 3395 1023 3466 ecclesiae
1056 3394 1289 3466 Narbonensis
1320 3395 1356 3465 in

291 3520 463 3590 cacumine
493 3521 616 3607 turris,
657 3528 691 3590 et
724 3519 823 3591 debet
855 3519 1017 3590 clamari:
1070 3518 1175 3590 Vivat
1207 3519 1357 3590 ecclesia

290 3644 561 3729 Narbonensis,
585 3651 650 3715 ter.

755 3847 911 3959 texum

678 4049 722 4098 Du
748 4048 963 4098 VENTENACO.

339 4207 498 4300 Sequitur
523 4205 614 4277 loeus
647 4204 688 4274 de
723 4206 917 4276 Ventenaco
946 4204 1003 4297 qui
1038 4211 1089 4274 est
1112 4210 1203 4274 totus
1228 4194 1355 4272 domini

289 4331 528 4424 archiepiscopi
545 4329 797 4418 Narbonensis,
825 4353 901 4400 cum
916 4327 1106 4401 omnimoda
1119 4326 1353 4421 jurisdictione
