3308 5430
300 601 339 662 bl
752 611 842 659 tirno
863 611 944 661 vrnr

346 760 430 829 Item
450 756 573 830 debent
597 778 713 828 omnes
736 756 890 829 homines
909 756 990 828 dicti
1015 757 1077 830 loci
1100 758 1201 831 annis
1221 758 1368 853 singulis

298 882 439 975 quilibet
459 905 564 953 unum
579 881 712 974 jornale
733 882 769 952 in
788 882 888 953 vinea
906 883 1031 954 domini
1052 884 1105 954 sui
1125 883 1366 979 archiepiscopi

298 1009 387 1080 inter
407 1009 610 1079 fossaturam
629 1014 663 1079 et
678 1006 876 1100 pedaturam
891 1029 900 1095 ;
923 1006 1080 1080 dominus
1097 1009 1367 1104 archiepiscopus

298 1133 529 1204 Narbonensis
544 1140 678 1203 tenetur
692 1132 803 1202 facero
818 1132 975 1225 predictis
991 1132 1186 1205 hominibus
1201 1157 1368 1229 expensas

297 1257 487 1329 moderatas
504 1258 537 1327 in
555 1257 628 1328 cibo
645 1264 680 1328 et
699 1264 779 1349 potu
797 1256 906 1328 solum
926 1257 1104 1330 dumtaxat
1129 1259 1209 1352 qnia
1237 1259 1367 1331 faciunt

296 1383 444 1477 predicta
465 1406 527 1454 sua
547 1405 650 1476 opera
671 1405 738 1453 non
755 1382 974 1454 animalibus.

344 1582 428 1652 ltem
449 1602 565 1651 omnes
581 1579 734 1651 homines
753 1578 833 1650 dicti
852 1579 915 1651 loci
943 1579 1065 1651 debent
1094 1580 1204 1651 faeere
1229 1578 1365 1651 domino

295 1727 356 1776 suo
373 1704 621 1797 archiepiscopo
642 1703 879 1792 Narbonensi,
904 1704 937 1773 in
958 1704 1108 1776 novitate
1127 1727 1190 1775 sua
1211 1714 1245 1775 et
1265 1703 1366 1776 toties

210 1874 213 1879 -
295 1830 426 1922 quoties
444 1829 613 1920 voluerit,
633 1835 882 1901 sacramentum
903 1828 1088 1901 fidelitatis.
1119 1862 1126 1871 ·

342 2018 426 2088 ltem
455 2015 610 2087 dominus
638 2015 908 2110 archiepiscopus
936 2015 1168 2088 Narbonensis
1189 2015 1365 2088 consuevit
1439 2068 1442 2073 -

294 2141 419 2213 habere
461 2165 566 2212 unum
590 2141 806 2235 pasquarium
840 2149 996 2212 vocatum
1027 2141 1138 2213 Vallis
1166 2143 1362 2237 Mayrane,

293 2267 381 2360 quod
397 2274 617 2339 consueverat
638 2267 781 2338 vendere
800 2267 973 2338 extraneis
990 2266 1182 2338 volentibus
1199 2266 1364 2338 animalia

294 2415 355 2464 sua
385 2392 563 2486 depascere
598 2393 634 2462 in
667 2392 764 2485 ipso;
789 2391 848 2463 sed
866 2399 1016 2485 tempore
1047 2392 1174 2463 domini
1203 2391 1364 2465 Gasherti

293 2517 460 2610 quondam
492 2517 731 2610 archiepiscopi
761 2517 826 2588 fuit
853 2517 943 2588 facta
971 2518 1148 2589 conventio
1183 2541 1259 2589 oum
1289 2516 1363 2609 ipso

293 2650 327 2714 ot
354 2644 513 2735 gentihus
538 2642 641 2713 Villae
671 2643 802 2713 Rubea
828 2641 916 2734 quod
944 2651 1064 2736 gentes
1095 2642 1199 2714 Villae
1228 2642 1362 2714 Rubeae

293 2775 489 2838 tenerentur
521 2774 676 2860 aportare
710 2766 916 2838 vindemiam
942 2767 1082 2839 decimae
1111 2767 1155 2838 ad
1185 2766 1389 2839 cellarium

291 2892 416 2962 domini
433 2893 485 2963 sui
503 2892 630 2962 domini
644 2891 886 2985 archiepiscopi
902 2900 936 2963 et
949 2893 1067 2964 amodo
1084 2892 1194 2964 dictus
1207 2891 1364 2964 dominus

292 3015 560 3111 archiepiscopus
580 3040 648 3087 non
666 3017 771 3110 possit
798 3016 943 3089 uendere
971 3017 1097 3089 dictum
1120 3016 1360 3111 pasquerium,

292 3141 360 3212 imo
398 3142 503 3215 libere
538 3142 700 3214 animalia
743 3165 858 3215 eorum
902 3119 1162 3235 depascerentur
1197 3142 1233 3212 in
1272 3141 1362 3214 dicto

292 3268 490 3359 pasquario,
510 3268 575 3338 ista
594 3267 710 3338 dicunt
724 3273 843 3360 gentes
865 3266 969 3337 Villae
986 3267 1137 3357 Rubeae,
1162 3275 1360 3338 nontamen

292 3392 328 3461 in
352 3392 424 3485 ipso
446 3393 640 3485 gardientes
664 3392 767 3463 aliam
795 3391 895 3463 fidem
924 3414 984 3484 per
1016 3391 1280 3464 instrumentum
1305 3392 1361 3463 vel

291 3515 391 3587 aliter
407 3517 517 3588 facere
536 3523 717 3609 potuerunt
735 3538 794 3609 per
813 3539 866 3588 me
884 3516 1050 3609 requisiti.

339 3716 424 3785 ltem
460 3735 524 3805 ego
564 3711 738 3804 episcopus
772 3711 940 3804 predictus
976 3711 1091 3783 inveni
1124 3711 1160 3781 in
1200 3711 1358 3804 registris

290 3838 440 3931 antiquis
464 3837 569 3908 Villae
600 3838 732 3909 Ruheae
763 3836 862 3907 iactis
897 3858 957 3928 per
988 3836 1161 3907 dominum
1192 3837 1359 3908 loannem

294 3962 463 4056 quondam
482 3968 724 4055 praecentorem
745 3960 913 4054 quondam
946 3960 1096 4032 eeclesiae
1130 3961 1363 4033 Narbonensis

292 4086 379 4181 quod
412 4086 619 4180 infrascripti
657 4085 698 4158 de
738 4086 833 4157 Villa
865 4086 987 4158 Rubea
1022 4086 1192 4158 iaciebant
1225 4084 1360 4157 domino

292 4211 541 4305 archiepiscopo
576 4211 755 4304 albergas,
776 4210 932 4284 videlicet
964 4211 1159 4283 Beroaldus
1186 4209 1229 4284 de
1255 4212 1359 4284 Petra

293 4334 380 4406 Lata
396 4334 500 4406 Villae
517 4334 649 4407 Rubeae
667 4333 812 4406 faciebat
829 4335 1005 4428 albergam
1023 4334 1125 4406 unius
1142 4333 1275 4408 militis.
1372 4420 1382 4428 ,
