3308 5430
386 610 425 673 st
819 623 913 672 mvnn
934 624 1015 673 sonu

432 771 518 843 Item
537 768 692 841 dominus
712 767 982 864 archiepiscopus
1011 771 1243 845 Narbonensis
1269 771 1374 847 habet
1395 773 1454 868 jus

383 902 582 992 patronatus
598 894 636 965 iu
656 894 800 988 quodam
816 894 1012 988 cappellano
1033 896 1188 968 instituto
1202 897 1239 969 iu
1258 897 1400 971 ecclesia
1412 898 1455 972 (16

385 1019 518 1115 Apiaoo
538 1041 599 1112 per
616 1018 789 1090 domiuum
814 1020 1027 1091 Beruardum
1056 1021 1199 1094 Porcelli
1228 1021 1453 1115 presbiterum

387 1144 556 1239 quondam
569 1143 612 1216 de
626 1143 794 1237 Appiano,
810 1144 895 1215 etin
911 1145 1061 1217 novitate
1076 1146 1258 1219 sacerdotis
1272 1149 1330 1241 qui
1345 1149 1456 1243 possi-

386 1270 443 1342 det
480 1291 541 1341 seu
580 1268 727 1340 deservit
766 1268 853 1340 dicto
899 1269 1108 1363 cappellauio
1149 1270 1456 1366 quomodocumque

386 1401 557 1483 mutetur,
581 1393 653 1465 sive
672 1416 732 1487 per
753 1400 895 1466 mortem
912 1394 969 1465 vel
994 1395 1277 1487 permutationem
1306 1397 1361 1468 vel
1387 1397 1455 1468 alio

387 1541 608 1613 quocumque,
629 1519 784 1589 domiuus
792 1518 1063 1613 archiepiscopus
1073 1519 1171 1592 debet
1190 1519 1317 1593 habere
1332 1521 1456 1593 edicto

389 1643 559 1715 sacerdote
580 1665 640 1736 pro
660 1642 800 1714 introitu
820 1665 922 1714 uuam
943 1643 1117 1715 marcham
1137 1644 1286 1737 argenti.

437 1796 522 1866 Item
547 1794 703 1866 dominus
726 1794 994 1888 archiepiscopus
1012 1796 1245 1869 Narbonensis
1260 1796 1296 1868 in
1312 1797 1457 1890 quodam

387 1920 595 2015 cappellanio
614 1920 768 1991 instituto
786 1920 822 1990 iu
837 1919 978 1992 ccclesia
991 1920 1033 1991 de
1048 1920 1182 2014 Apiano
1197 1943 1257 2014 per
1275 1922 1460 2017 Raymuu-

388 2047 468 2118 dum
481 2045 627 2118 Balhoui
640 2045 807 2138 quondam
821 2045 862 2116 (16
877 2046 1010 2139 Apiano
1024 2045 1060 2117 in
1076 2046 1262 2118 mutatione
1274 2046 1456 2119 sacerdotis

390 2172 448 2266 qui
471 2171 619 2243 deservit
635 2170 723 2241 dicto
740 2171 949 2265 cappellanio
969 2171 1275 2264 quomodocumque
1293 2178 1456 2261 mutetur,

391 2296 546 2368 domiuus
569 2295 839 2390 archiepiscopus
856 2296 1089 2369 Narbonensis
1117 2295 1216 2368 debet
1246 2295 1373 2369 habere
1399 2319 1460 2390 pro
1524 2339 1525 2342 =

393 2422 533 2495 introitu
551 2421 800 2515 quinquaginta
817 2419 952 2493 solidos.

843 2729 1016 2802 XXXVII

761 2949 843 3000 muru
879 2948 923 2999 on
958 2910 1097 2999 apruno.

445 3156 616 3251 Sequutur
645 3177 766 3227 census
797 3151 962 3225 annuales
990 3149 1070 3223 dicti
1099 3149 1162 3222 loci
1194 3148 1298 3223 debiti
1328 3147 1464 3221 domiuo

397 3282 658 3377 archiepiscopo.

447 3436 564 3507 Primo
583 3433 621 3504 in
640 3430 782 3526 pecunia
795 3435 940 3501 monetae
958 3427 1129 3521 praedictae
1144 3425 1325 3521 sexaginta
1341 3424 1462 3515 libras,

398 3559 588 3658 quindecim
605 3556 740 3645 solidos,
762 3578 867 3627 unum
885 3553 1074 3642 denarium,
1095 3552 1230 3623 obolum
1249 3557 1284 3623 et
1300 3550 1435 3645 pictam.

448 3715 533 3786 Item
556 3709 711 3782 dominus
734 3706 1002 3800 archiepiscopus
1028 3703 1147 3797 recipit
1176 3726 1198 3774 a
1227 3702 1467 3775 communitate

397 3840 439 3911 (16
454 3837 588 3932 Apiano
601 3857 660 3928 per
675 3831 952 3926 compositionem
964 3831 1087 3900 factam
1101 3828 1190 3900 inter
1205 3850 1282 3899 eum
1297 3832 1331 3898 et
1345 3832 1469 3919 gentes

397 3963 498 4036 dictae
533 3962 626 4033 villae
658 3981 718 4053 pro
748 3957 853 4030 vetito
882 3955 953 4026 vini
982 3977 1003 4025 a
1031 3952 1166 4024 domino
1196 3951 1346 4045 quolibet
1377 3973 1468 4023 anno

401 4113 462 4164 sex
479 4088 585 4159 libras
599 4084 867 4157 barcelonenses,

449 4244 535 4314 Item
552 4237 657 4310 habet
675 4234 717 4306 de
735 4232 834 4305 ordeo
856 4231 1030 4304 censuales
1048 4227 1298 4325 quatuordecim
1316 4225 1465 4315 eminas,

402 4381 472 4444 tres
489 4362 697 4461 quarteriaS,
717 4380 822 4433 uuam
839 4357 1024 4452 poneriam.
1465 4372 1468 4376 “
