3308 5430
374 605 411 665 46
807 618 900 666 nrvnn
922 617 1001 664 vnnr

420 762 504 834 Item
522 761 625 832 habet
639 760 786 833 redditus
805 756 921 846 maris,
937 761 978 833 de
996 762 1156 855 graveria
1175 760 1216 833 de
1237 760 1392 855 gibietto.

420 914 505 983 Item
535 911 637 983 habet
664 913 809 983 officium
840 912 1000 983 custodiae
1032 911 1159 1005 gradus
1189 912 1328 982 navium
1351 912 1440 1003 quod

371 1036 518 1107 officium
535 1037 678 1107 consent.

420 1186 619 1258 Itemhabet
639 1186 762 1257 ibidem
781 1186 951 1258 deuesiam
972 1186 1202 1258 cuniculorum
1221 1211 1298 1259 cum
1312 1212 1411 1282 pena.

422 1342 504 1412 item
523 1339 625 1411 habet
648 1339 772 1409 ibidem
791 1340 935 1428 cuidam,
972 1339 1171 1432 inquantum
1199 1349 1233 1410 et
1267 1340 1440 1413 bandera·

371 1466 481 1558 gium.

420 1619 502 1689 Item
522 1616 635 1687 nullus
660 1617 758 1687 debet
781 1616 902 1709 piscari
921 1640 997 1687 cum
1023 1623 1153 1687 saoreto
1182 1616 1218 1686 in
1244 1619 1377 1711 stagnis
1397 1619 1439 1691 de

370 1743 532 1813 Narbona
563 1742 625 1811 sub
651 1765 737 1833 pena
767 1739 950 1811 arbitraria
979 1742 1069 1811 inter
1087 1742 1259 1812 (lominum
1287 1750 1322 1814 et
1350 1744 1440 1815 vice-

369 1867 524 1938 comitem
539 1866 716 1937 dividendo
731 1867 826 1959 equis
845 1867 1014 1959 partibus,
1045 1890 1087 1937 ex
1105 1889 1193 1937 nova
1214 1869 1440 1940 transactione

371 1992 459 2061 inter
473 1991 563 2083 ipsos
583 1990 735 2061 dominos
751 1993 851 2061 tacta.

876 2301 940 2371 Vll

713 2501 795 2550 ITEM
820 2501 864 2550 DE
887 2500 1089 2551 GRUISSANO.

418 2686 587 2777 Sequntur
605 2707 723 2754 census
744 2685 908 2754 animale-r
923 2684 1001 2755 dicti
1014 2684 1076 2754 loci
1092 2684 1195 2754 debiti
1221 2708 1311 2754 anno
1324 2686 1437 2777 quoli-

371 2811 425 2881 bet
439 2811 572 2880 domino
587 2809 834 2901 arciriepiscopo
857 2810 1069 2880 Narbonensi
1091 2809 1132 2879 de
1148 2810 1348 2880 Gruissano

418 2961 531 3032 Primo
553 2965 588 3032 in
606 2960 772 3053 pecunie.
813 3013 1264 3032 ...................
1296 2982 1377 3032 Luni
1403 2984 1434 3032 s.

368 3114 452 3184 Item
476 3112 599 3183 debent
633 3113 684 3182 iiii
716 3112 757 3182 de
791 3113 977 3183 Gruissano
996 3135 1055 3204 pro
1079 3112 1139 3182 illa
1164 3113 1333 3182 sarcinata
1359 3111 1435 3204 pis-

416 3237 504 3308 cium
520 3260 621 3329 quam
636 3236 679 3306 ab
702 3236 783 3329 ipsis
802 3236 954 3328 capiebat
977 3237 1013 3305 in
1033 3235 1154 3306 Sancto
1172 3237 1266 3328 Lupo
1284 3242 1434 3328 tempore

415 3363 592 3450 messium,
621 3362 797 3432 annuatim
808 3415 1032 3434 ..........
1065 3383 1110 3431 xi,
1136 3383 1270 3453 grossos
1282 3361 1431 3452 argenti.

368 3515 449 3584 item
468 3513 509 3584 de
524 3514 693 3583 frumento
709 3564 1184 3587 ....................
1219 3535 1230 3582 1
1256 3535 1432 3606 emynam.

415 3666 499 3736 item
520 3664 623 3735 habet
642 3665 676 3733 in
692 3664 779 3734 dicto
799 3665 870 3735 ioco
895 3665 1050 3756 agreria,
1079 3673 1234 3756 tasquas,
1262 3670 1432 3753 tersones,

364 3797 546 3883 quartum,
570 3790 724 3883 quintum
746 3792 781 3860 in
798 3790 922 3878 bladis,
958 3790 1063 3878 vinis,
1095 3789 1316 3881 carnelagiis,
1348 3789 1432 3861 oleis

364 3924 399 3987 et
413 3915 502 3986 aliis.

411 4068 496 4137 item
511 4066 614 4137 habet
632 4068 668 4136 in
683 4067 770 4138 dicte
785 4067 856 4137 loco
877 4065 1056 4157 soriscapia
1077 4072 1111 4135 et
1126 4064 1302 4135 laudimia.

412 4221 496 4289 Item
521 4218 624 4288 habet
650 4219 779 4288 curiam
802 4217 1020 4310 temporalem
1040 4240 1116 4287 eum
1137 4217 1280 4287 annexis
1304 4216 1431 4286 scilicet
1461 4290 1468 4301 ,

363 4343 658 4438 compositionibus
679 4352 712 4415 et
730 4342 893 4414 emendis,
