3308 5430
355 594 391 657 20
786 610 880 657 rxvuu
902 611 982 658 usur

351 756 478 827 domini
507 762 685 849 apportare
710 755 876 849 predicta,
906 762 941 826 et
971 756 1127 828 domiuus
1150 757 1420 852 archiepiscopus

350 881 449 952 debet
463 880 513 950 illi
527 880 695 974 aporiabit
713 881 794 951 dare
812 880 855 951 ad
869 880 1121 952 comedendum.

400 1034 484 1103 hem
517 1031 620 1103 habet
651 1030 806 1102 dominus
839 1032 1108 1127 archiepiscopus
1147 1033 1183 1104 iu
1221 1032 1309 1105 dicto
1347 1033 1420 1106 loco

352 1157 501 1227 booriam
516 1177 525 1243 ;
543 1178 660 1228 omnes
674 1156 829 1227 homines
851 1155 930 1226 dicu
952 1156 1015 1227 loci
1044 1157 1208 1229 habentes
1233 1179 1339 1229 unum
1359 1180 1422 1253 par

352 1284 452 1353 boum
483 1280 537 1352 vel
567 1281 666 1374 plura
700 1288 857 1352 tenentur
889 1279 970 1351 darc
1004 1280 1138 1352 domino
1172 1282 1423 1377 archiepiscopo

352 1406 565 1478 Narbonensi
583 1428 672 1476 auno
687 1404 836 1497 quolibet
854 1404 895 1475 de
916 1428 1018 1477 consu
1039 1429 1141 1477 unam
1164 1407 1311 1478 eminam
1330 1407 1421 1478 ordei

352 1539 386 1604 et
403 1531 571 1603 sexdecim
591 1529 747 1601 denarios
771 1529 923 1601 reductos
948 1529 991 1600 ad
1012 1553 1115 1601 uuam
1139 1532 1312 1624 poneriam
1330 1531 1423 1603 ordei

351 1665 385 1729 et
400 1666 544 1750 quatuor
558 1655 713 1726 (denarios
728 1678 788 1747 pro
804 1654 953 1747 quolibet
968 1655 1123 1728 animali.

402 1811 485 1879 Item
505 1830 621 1878 omnes
645 1806 798 1878 homines
825 1806 904 1877 dicti
932 1806 994 1877 loci
1014 1814 1172 1879 tenentur
1196 1814 1353 1901 aportare
1377 1807 1421 1878 ad

352 1933 523 2004 cellerium
537 1931 662 2003 domiui
686 1932 738 2001 sui
753 1931 994 2025 archiepiscopi
1018 1939 1121 2002 totam
1147 1932 1351 2004 vindemiam
1381 1931 1423 2005 de

352 2059 490 2130 decimis
517 2067 550 2128 ot
581 2057 710 2149 tasquis
733 2056 776 2126 ad
807 2056 978 2126 dominum
1005 2055 1291 2150 archiepiscopum
1316 2057 1424 2150 perii-

354 2194 490 2253 ncutem
505 2182 661 2276 expensis
683 2183 752 2250 suis
773 2186 807 2251 et
830 2180 985 2251 domiuus
1003 2179 1275 2275 archiepiscopus
1289 2187 1425 2252 tenetur

353 2308 403 2379 eis
415 2306 495 2377 dare
511 2329 571 2398 pro
590 2304 739 2397 qualibet
755 2304 899 2374 salmata
915 2327 1019 2373 uuum
1038 2304 1227 2375 denarium.

403 2461 488 2531 item
507 2481 622 2530 omues
637 2457 791 2527 homiues
805 2456 884 2526 dicti
896 2454 957 2526 loci
974 2462 1423 2550 tenenturaportareeorum

355 2585 511 2678 expensis
547 2592 580 2653 et
621 2583 726 2653 saccis
758 2580 799 2652 de
831 2603 912 2650 area
937 2580 980 2650 ad
1018 2582 1178 2672 granaria
1207 2580 1332 2651 domini
1370 2581 1422 2652 sui

355 2708 594 2802 archiepiscopi
609 2714 715 2778 totum
732 2705 867 2777 bladum
886 2705 927 2776 de
942 2705 1080 2776 decimis
1098 2712 1132 2776 et
1146 2706 1287 2798 dasquis

404 2864 489 2934 Item
506 2860 610 2932 habet
621 2859 823 2951 herbagium
845 2857 932 2951 prati
949 2858 1015 2928 sui.

405 3017 488 3086 Ibem
504 3014 717 3086 venacionem
731 3011 847 3082 avium
866 3011 1009 3081 duorum
1024 3017 1235 3103 stagnorum.

406 3169 490 3238 Item
511 3165 614 3236 habet
628 3164 843 3237 venationem
857 3161 1088 3233 cuniculorum
1109 3168 1144 3232 et
1161 3161 1333 3255 perdicum
1347 3186 1424 3234 cum

357 3317 445 3389 pena
463 3292 500 3363 iu
514 3298 584 3364 todo
603 3289 774 3363 terminali
789 3289 831 3359 de
847 3289 982 3382 bojano,

822 3547 960 3618 XXVII

737 3747 819 3798 ITEM
844 3748 888 3798 DE
913 3747 1050 3798 SEJANO.

408 3933 568 4027 Sequitur
577 3955 696 4004 census
707 3931 864 4003 annualis
875 3930 954 4001 dicu
964 3930 1027 4001 loci
1039 3928 1425 4023 dominoarchiepiscopo

245 4148 248 4154 Ι
358 4058 587 4132 Narbonensi.

409 4212 524 4282 Primo
552 4210 588 4280 in
620 4209 762 4303 pecunia
803 4231 924 4280 novem
958 4207 1080 4296 libras,
1126 4229 1248 4278 novem
1281 4204 1421 4290 solidos

361 4344 506 4432 quatuor
519 4335 674 4410 denarios
688 4341 723 4406 et
742 4333 888 4405 obolum.
