3308 5430
532 640 572 686 ou
593 620 828 686 u’rucnrvlcnu
849 637 889 685 un
910 635 1077 685 uuuuouur
1300 622 1358 682 ⁴09

785 807 862 881 CIV

702 1040 745 1089 DE
771 1039 944 1090 CALHAVO.

338 1226 497 1319 Sequitur
515 1224 607 1296 locus
626 1224 668 1295 de
685 1222 836 1294 Calhavo
854 1223 911 1315 qui
927 1244 994 1292 non
1010 1230 1061 1292 est
1078 1198 1204 1291 dornini
1223 1218 1360 1291 archie-

288 1351 425 1444 piscopi,
448 1350 506 1422 sed
520 1349 660 1443 percipit
680 1347 728 1419 ibi
748 1371 838 1418 anno
856 1347 1005 1440 quolibet
1023 1368 1100 1438 quae
1114 1351 1278 1438 sequntur
1299 1365 1359 1437 per

290 1475 453 1545 ordinem.

339 1623 453 1693 Primo
472 1622 507 1692 in
528 1620 687 1715 pecunia.
703 1673 712 1690 .
728 1677 736 1694 .
752 1675 760 1688 .

339 1776 423 1845 Item
442 1775 478 1843 in
499 1774 686 1844 frumento
704 1829 711 1845 .
728 1825 760 1844 ..

339 1927 423 1997 llem
441 1924 482 1995 de
500 1923 617 1996 ordeo.
634 1979 642 1996 .

340 2077 425 2147 Item
442 2076 484 2148 de
504 2075 601 2146 vino.
617 2128 626 2147 .
642 2130 650 2148 .
666 2128 676 2146 .

339 2230 423 2300 Item
444 2227 608 2320 gallinas,
624 2280 633 2297 .
649 2284 657 2299 .
673 2281 681 2297 .

339 2380 422 2451 Item
443 2379 546 2450 habet
575 2380 610 2448 in
640 2378 810 2470 aliquibus
831 2375 1065 2448 terminalibus
1085 2383 1119 2448 et
1138 2376 1360 2468 possessioni-

291 2503 353 2572 bus
374 2504 552 2596 foriscapia
572 2510 606 2574 et
624 2503 798 2574 laudimia.

798 2804 858 2875 CV

485 3007 528 3054 Du
553 3003 719 3054 ECCLESIIS
744 3004 787 3052 DE
819 3002 982 3053 REDDESIO
1008 3002 1162 3053 BALlVlAE

693 3130 736 3178 DE
761 3128 963 3178 ALANHANO.

339 3305 509 3397 Sequuntur
523 3304 672 3376 ecclesiae
690 3304 731 3373 de
751 3302 916 3374 Reddesio
939 3301 1074 3373 baliviae
1099 3302 1142 3373 de
1176 3302 1358 3375 Alanhano

292 3451 369 3521 quae
396 3431 524 3500 iaciunt
556 3452 645 3499 anuo
666 3428 813 3520 quolibet
841 3428 975 3497 domino
996 3427 1243 3521 archiepiscopo
1262 3430 1358 3499 Nar-

292 3553 430 3625 bonensi
449 3555 663 3647 pentionem‚
689 3563 786 3646 prout
806 3552 948 3623 inferius
966 3552 1156 3624 continetur
1177 3575 1237 3646 pro
1254 3577 1359 3647 quar-

291 3680 425 3750 torretis.

341 3831 456 3901 Primo
475 3832 614 3903 ecclesia
633 3831 675 3902 de
695 3829 909 3901 Paulinhano
944 3852 1004 3900 sex
1032 3828 1176 3900 sestaria
1212 3829 1254 3899 de
1282 3828 1360 3898 fru-

292 3964 417 4027 mento.

339 4107 422 4177 Item
441 4107 557 4178 eadem
575 4107 715 4178 ecclesia
734 4107 777 4180 de
795 4106 895 4177 ordeo
914 4128 973 4177 sex
991 4105 1146 4177 sestaria.

340 4262 423 4330 ltern
443 4260 583 4331 ecclesia
616 4260 657 4329 de
689 4260 811 4330 Sancto
844 4258 993 4328 Martino
1022 4255 1126 4326 Villae
1146 4254 1286 4326 Reclam
1319 4253 1361 4325 de

293 4386 462 4455 frumento
482 4384 548 4455 duo
566 4385 721 4455 sestaria.
