3308 5430
292 588 350 647 406
748 598 840 646 urvur
861 598 940 645 usur

339 746 422 817 Item
442 744 545 816 habet
579 744 614 814 iu
646 750 756 816 castro
785 743 857 815 sive
885 743 1083 815 castellania
1104 767 1209 816 unum
1228 743 1353 816 homa·

290 869 402 961 glum,
425 867 577 939 videlicet
593 868 731 939 (lartias
750 868 904 939 Arnaudi
925 868 966 938 de
987 868 1147 940 Verduno
1173 869 1272 941 debet
1297 892 1358 963 pro

290 992 489 1085 quibusdam
519 1016 596 1084 quae
614 1003 705 1065 tenet
739 994 774 1063 iu
803 993 890 1064 dicto
928 1001 1038 1065 castro
1070 993 1112 1066 de
1147 993 1354 1079 hrseuchiS,

290 1096 430 1186 diocesis¹
445 1116 678 1206 Carcassoruu,
696 1117 830 1188 domino
849 1117 1097 1211 archiepiscopo
1117 1117 1355 1206 Narbonensi,

291 1248 325 1310 ot
338 1239 437 1313 <lebet
456 1241 566 1312 samm
580 1241 614 1310 iu
629 1242 790 1311 Narbona
811 1241 1020 1333 homagium.

802 1579 842 1649 Ol

731 1831 774 1880 uu
800 1831 922 1881 utorio.

340 2040 500 2132 Sequitur
520 2040 612 2111 locus
629 2039 671 2111 de
690 2040 803 2111 Riotio
823 2040 880 2132 qui
904 2050 956 2111 ost
976 2048 1065 2112 totus
1088 2041 1214 2112 domini
1239 2042 1357 2113 archi-
1428 2032 1431 2037 ’

290 2164 434 2258 episcopi
456 2165 686 2236 Narbonensis
697 2189 773 2235 cum
788 2165 979 2236 omnimoda
993 2165 1226 2258 jurisdictione
1240 2167 1311 2237 alta
1324 2174 1359 2238 et

176 2358 181 2367 ,
292 2288 391 2359 bassa
403 2297 437 2360 et
451 2312 544 2360 mero
558 2312 598 2359 ac
609 2289 715 2359 mixto
727 2289 867 2382 imperio
882 2298 916 2359 et
928 2290 1046 2382 primis
1060 2290 1354 2383 appellationibus.

340 2460 421 2530 ltem
444 2459 545 2529 habet
564 2459 598 2528 iu
613 2459 701 2529 dicto
720 2459 790 2529 loco
810 2459 965 2530 domiuus
991 2459 1261 2553 archiepiscopus
1280 2483 1359 2554 quae

292 2592 454 2677 sequntur
472 2606 530 2676 per
549 2583 712 2654 ordinem.

340 2752 454 2822 Primo
499 2775 604 2823 uuum
643 2753 826 2846 hospitium
863 2777 939 2824 cum
980 2753 1104 2825 solario
1146 2777 1207 2847 pro
1249 2754 1359 2827 bladis

293 2877 455 2947 tenendis

341 3040 425 3109 item
443 3037 535 3109 aliud
548 3037 730 3132 hospitium
745 3038 817 3109 siue
833 3039 956 3109 solario
971 3061 1031 3131 pro
1045 3038 1181 3110 cellario
1191 3061 1252 3132 pro
1263 3038 1356 3111 vinca

340 3191 423 3261 ltem
445 3213 547 3261 unam
567 3212 683 3260 aream
697 3213 773 3260 cum
793 3196 1000 3282 coopertura.

341 3355 424 3422 ltem
463 3350 706 3442 bauderagium
742 3350 813 3420 sivo
850 3350 1028 3421 bairanum
1064 3350 1150 3443 quod
1187 3351 1289 3424 solvit
1316 3352 1358 3424 dc

291 3476 440 3568 loquerio
454 3475 597 3566 triginta
616 3475 749 3546 solidos

340 3648 423 3716 ltem
451 3645 579 3714 cuidam
608 3651 642 3715 et
677 3645 877 3736 inquantum
911 3667 988 3737 quae
1020 3643 1110 3717 ualet
1135 3645 1359 3718 communiter

289 3769 379 3840 circa
399 3776 543 3860 quatuor
557 3768 674 3840 libras.

340 3932 423 4000 ltem
439 3935 530 4001 totns
545 3930 636 4001 locus
651 3930 692 4001 de
713 3931 827 4002 Riotio
846 3930 927 4001 lacit
947 3929 1096 4022 quolibet
1109 3952 1199 4002 anno
1223 3930 1359 4003 domino

291 4076 352 4124 suo
390 4053 638 4147 archiepiscopo
678 4077 782 4125 uuam
814 4055 990 4148 albergam
1022 4077 1081 4147 pro
1118 4077 1185 4146 qua
1221 4054 1358 4126 solvunt

292 4179 446 4249 consules
461 4179 540 4249 dicti
556 4179 618 4250 loci
635 4181 813 4272 sexaginta
834 4179 968 4250 solidos

342 4343 425 4412 Item
457 4363 573 4412 omues
605 4340 757 4411 homines
785 4340 863 4411 dicti
899 4340 962 4411 loci
995 4340 1159 4413 habentes
1193 4340 1357 4413 auimaha
