3308 5430
292 602 332 662 28
728 610 821 660 inne
843 612 924 661 usur

340 762 425 832 Item
439 759 476 830 iu
493 759 581 830 dicto
604 758 705 852 plano
719 759 840 848 castri,
861 781 967 830 unum
992 760 1165 832 stabulum
1180 761 1360 855 pulchrum

289 908 366 957 cum
384 885 553 978 granariis
573 884 728 977 desuper.

339 1029 424 1099 Item
445 1027 564 1110 habet,
586 1027 622 1096 in
642 1027 729 1099 dicto
750 1027 851 1122 planu
865 1029 985 1119 castri,
1007 1052 1113 1101 unum
1128 1029 1307 1123 palerium.

340 1168 424 1238 Item
452 1166 572 1256 habet,
603 1174 701 1239 extra
742 1168 873 1262 portale
914 1176 1070 1241 vocatum
1098 1170 1141 1241 de
1167 1170 1355 1260 Narbona,

291 1314 397 1363 unum
417 1290 600 1385 hospitium
619 1315 679 1386 pro
699 1292 786 1364 fenis
805 1293 973 1365 tenendis

340 1439 422 1506 Item
454 1434 558 1506 habet
586 1435 622 1505 in
652 1434 735 1506 villa
764 1460 868 1507 unum
901 1437 1039 1508 furnum
1077 1435 1180 1508 situm
1219 1436 1256 1507 in
1287 1436 1359 1509 loco

293 1566 407 1630 vocato
445 1559 486 1631 de
514 1559 654 1647 Oariu03
692 1559 757 1632 iste
787 1561 908 1632 furnus
936 1561 1036 1632 datus
1065 1567 1117 1632 est
1146 1559 1190 1632 ad
1220 1583 1359 1633 censum

288 1684 465 1755 annuatim
503 1685 617 1757 decem
652 1686 872 1759 sestariorum
905 1685 997 1758 ordei
1042 1693 1076 1758 et
1105 1684 1204 1758 debet
1241 1693 1359 1759 tenere

289 1806 467 1878 directum.
960 1808 966 1818 ’

340 1949 424 2019 Item
445 1948 549 2019 habet
567 1949 801 2021 condaminam
831 1951 931 2022 sitam
959 1951 994 2021 in
1021 1950 1190 2023 territorio
1217 1949 1359 2047 Capite-

291 2073 429 2166 stangni
447 2073 483 2143 in
496 2074 567 2144 loco
584 2083 699 2145 vocate
710 2074 751 2145 de
761 2075 883 2146 Clauso
898 2076 1015 2162 Boscu;
1029 2075 1168 2148 dataest
1182 2075 1225 2146 ad
1235 2098 1361 2147 nevum

291 2198 477 2290 accapitum
492 2199 666 2271 Bernardo
680 2200 826 2271 Saxerii.

341 2342 426 2413 Item
445 2340 548 2412 habet
571 2341 677 2412 alium
699 2342 836 2412 sumum
863 2342 900 2411 in
924 2341 1046 2434 portali
1064 2348 1182 2413 vocato
1204 2341 1245 2414 de
1266 2342 1359 2414 Nar·

292 2465 396 2547 bona,
425 2466 482 2558 qui
505 2473 644 2536 vocatur
673 2466 794 2536 furnus
819 2466 860 2537 de
887 2465 1044 2553 Judai003
1071 2465 1194 2537 debent
1219 2465 1358 2559 decoqui

291 2590 444 2662 homines
471 2591 512 2662 cle
539 2590 657 2684 Capite
668 2590 795 2661 Stanno
816 2590 852 2661 in
870 2590 1000 2661 duobus
1020 2590 1130 2662 furnis
1146 2590 1360 2684 predictisad

291 2715 494 2808 vigesimum
515 2738 660 2809 panem,
684 2722 718 2787 et
738 2715 837 2786 debet
855 2723 971 2787 tencre
990 2714 1168 2787 directum.

339 2859 423 2929 Item
446 2857 549 2929 habet
566 2880 669 2928 uuam
695 2857 946 2947 condaminam,
970 2857 1067 2929 iuxta
1096 2866 1232 2953 pontem
1257 2880 1359 2930 voca·

292 2989 364 3052 tum
397 2983 488 3053 Pons
514 2982 697 3078 Ayrmuci,
731 3007 806 3053 cum
833 3005 902 3053 una
922 3005 1004 3054 area
1023 2981 1122 3055 dictae
1149 2983 1360 3055 eendaminae

290 3107 467 3199 contigua3
489 3107 569 3178 data
587 3113 638 3178 est
658 3114 693 3178 ut
713 3130 816 3201 supra
835 3106 987 3178 dimissa.

340 3252 424 3321 Item
440 3251 543 3322 habet
558 3274 661 3321 unam
676 3250 862 3343 cappellam
877 3250 1025 3321 ruralem
1044 3256 1197 3320 vocatam
1217 3250 1358 3342 cappel-

291 3375 472 3445 lamsancti
483 3374 613 3444 Iuliani
631 3373 672 3445 de
687 3374 862 3466 Lapezanu
880 3396 1015 3445 annexa
1031 3396 1159 3445 mensae
1171 3396 1257 3461 suae,
1281 3396 1358 3444 cum

290 3523 358 3571 una
378 3500 551 3592 ferragine
570 3498 670 3570 dictae
687 3499 848 3592 cappellae
866 3498 1039 3592 contigua.

339 3644 423 3713 Item
453 3642 557 3714 habet
575 3642 610 3711 in
639 3641 757 3736 Capite
773 3642 927 3735 Stangno
947 3641 1204 3734 mensuragium
1218 3640 1311 3713 bladi
1325 3647 1361 3713 et

290 3765 373 3853 olei;
395 3766 569 3836 consuevit
589 3765 704 3837 valere
724 3773 859 3837 centum
877 3766 1035 3837 florenos.

337 3910 423 3979 Item
438 3908 543 3980 habet
558 3909 693 3980 leudam
708 3909 853 3981 macelli.

337 4053 423 4126 Item
439 4052 542 4123 habet
555 4052 689 4124 leudam
705 4053 799 4124 salis.

340 4199 425 4268 Item
446 4197 549 4267 habet
575 4197 721 4267 decimas
749 4203 783 4268 et
802 4204 938 4288 tasquas
960 4194 1071 4284 bladi,
1103 4217 1181 4287 quae
1205 4216 1359 4265 commu-

291 4324 381 4395 niter
396 4321 588 4394 venduntur
606 4320 648 4391 ad
669 4321 806 4391 bladum
816 4372 1069 4393 ...........
1077 4334 1115 4392 v⁰
1133 4342 1168 4391 111
1199 4317 1355 4392 sestaria.
