3308 5430
291 584 331 645 m
745 596 835 644 urvnr
858 595 938 644 rrnr

338 743 423 812 Item
460 746 533 811 octo
564 740 781 812 condaminas
814 740 968 834 proprias
998 741 1082 813 sitas
1113 741 1150 813 in
1181 741 1364 814 territoriis

290 865 368 938 dicti
390 864 506 937 castri.

341 1001 424 1070 Item
442 996 612 1068 devesiam
629 1003 663 1068 ot
681 1020 845 1090 gareuam
864 998 1092 1071 cuniculorum
1112 1024 1189 1071 cum
1210 1022 1309 1094 pena.

341 1143 426 1214 Item
446 1141 647 1234 inquantum
666 1148 701 1212 et
717 1140 859 1212 cuidam.

343 1286 427 1355 Item
446 1283 571 1354 banna.

341 1429 426 1499 Item
454 1427 590 1498 sumum
622 1423 794 1518 proprium
819 1448 896 1495 cum
925 1425 1079 1499 districtu
1106 1427 1259 1500 homines
1281 1428 1362 1501 dicti

293 1550 355 1622 loci
375 1549 514 1643 decoqui
531 1549 574 1619 ad
591 1548 794 1640 vigesimum
814 1572 949 1642 panem.

341 1694 426 1765 Item
458 1691 710 1787 peyssoneriam
744 1715 804 1764 seu
839 1692 1058 1785 piscationem
1086 1695 1227 1788 piscium
1261 1718 1364 1790 quam

292 1818 434 1912 percipit
450 1818 485 1887 iu
505 1826 626 1909 stagno
645 1816 724 1887 dicti
746 1817 821 1889 loci.

342 1962 426 2032 Item
451 1960 591 2032 vetitum
620 1982 725 2031 uuum
754 1983 775 2030 a
803 1961 888 2031 festo
918 1961 1158 2035 Penthecostes
1190 1963 1364 2056 usquead

293 2084 419 2156 festum
439 2082 530 2154 beati
551 2082 693 2153 Ioannis
712 2083 890 2176 Baptistae.

343 2229 427 2299 Item
445 2226 549 2297 habet
569 2226 701 2319 aliquas
720 2234 893 2297 mansatas
912 2225 1034 2298 adhuc.

342 2372 427 2442 Item
442 2370 545 2442 habet
559 2368 725 2455 boeriam3
744 2391 859 2440 omues
870 2368 1023 2441 homiues
1034 2369 1114 2441 dicti
1124 2369 1187 2441 loci
1198 2371 1363 2443 habentes

292 2496 455 2568 animalia
473 2517 533 2588 pro
550 2494 760 2587 agricultura
783 2500 941 2565 tenentur
968 2494 1078 2566 facere
1102 2516 1191 2564 anno
1213 2494 1364 2586 quolibet

293 2644 399 2693 unum
434 2618 564 2691 iornaIe
595 2617 636 2689 de
672 2625 786 2688 aratro
822 2618 858 2688 in
897 2619 1103 2690 condaminis
1141 2617 1268 2690 domini
1309 2621 1362 2690 sui

291 2743 533 2838 archiepiscopi
554 2743 597 2814 ad
615 2749 741 2813 terram
763 2743 1005 2814 cultivaudam.

341 2891 426 2960 Item
447 2909 563 2957 omues
584 2885 737 2956 homiues
758 2885 837 2955 dicti
860 2886 923 2956 Ioci
954 2885 1012 2978 qui
1038 2894 1118 2956 sunt
1142 2886 1198 2958 vel
1224 2886 1364 2958 fuerunt

292 3014 334 3085 de
349 3018 521 3100 mansam,
540 3016 698 3081 tenentur
713 3010 823 3080 facere
838 3033 927 3080 anno
942 3010 1091 3103 quolibet
1107 3010 1197 3080 ultra
1213 3011 1362 3082 boeriam

293 3163 399 3211 uuum
414 3136 548 3232 jornale
573 3137 609 3205 in
629 3158 710 3206 area
728 3134 807 3205 dicti
826 3135 1079 3228 archiepiscopi.

343 3284 428 3354 Item
446 3281 550 3352 habet
570 3279 617 3348 ibi
640 3277 795 3348 domiuus
819 3276 1088 3371 archiepiscopus
1110 3285 1180 3349 tres
1203 3278 1363 3372 albergas
1471 3296 1475 3305 ·

294 3416 329 3482 et
346 3406 519 3478 consuevit
537 3404 664 3475 habere
682 3409 825 3494 quatuor
835 3423 844 3487 ;
866 3402 924 3472 sed
942 3425 1011 3472 una
1029 3410 1081 3472 est
1096 3403 1238 3496 perdita,
1257 3426 1363 3496 quare

294 3531 508 3625 perquiratur
528 3551 589 3622 per
607 3527 758 3599 bavilum
779 3549 855 3596 cum
874 3525 1065 3617 diligentia.

342 3675 427 3744 Item
442 3671 545 3743 habet
562 3670 610 3741 ibi
632 3669 836 3760 herbagium
855 3668 956 3761 prati.

770 3873 889 3944 XVIII

648 4047 732 4098 ITEM
759 4046 801 4096 DE
827 4044 1006 4096 ANISSANO.

342 4179 512 4272 Sequntur
549 4200 669 4248 census
706 4176 870 4247 annuales
908 4175 987 4246 dicti
1025 4175 1088 4246 loci
1128 4173 1244 4264 debiti
1273 4174 1362 4244 dicto

293 4305 541 4399 archiepiscopo
559 4301 785 4376 Narbonensi.
