3308 5430
292 567 350 632 tot
740 580 832 627 uuna
854 580 935 627 vana

340 730 424 801 [tem
442 726 536 799 aliud
553 733 708 797 vocatum
727 725 769 797 de
786 725 1007 819 Bonopolino.

342 882 424 951 ltem
445 877 537 950 aliud
557 877 599 947 do
620 877 752 969 Pipino.

339 1031 424 1100 ltom
437 1029 471 1098 iu
490 1027 645 1097 onmibus
659 1027 806 1119 ‹puinque
823 1027 1023 1119 supradictis
1041 1029 1235 1101 uanioribus
1256 1030 1360 1103 habet

290 1176 437 1248 garenas
454 1151 684 1223 cuniculorum
705 1175 781 1221 cum
800 1174 898 1243 pona.

340 1308 437 1411 [tem¹
459 1306 496 1375 in
530 1304 618 1374 dicto
654 1306 725 1375 loco
764 1304 1007 1396 bandoragium
1047 1305 1135 1397 quod
1174 1306 1276 1378 solvit
1318 1305 1360 1380 de

291 1432 441 1525 loquorio
446 1484 548 1504 .....

340 1584 424 1655 ltem
445 1583 549 1654 habet
568 1583 769 1675 inquantum
788 1589 822 1653 ot
839 1580 964 1652 cuidam
980 1602 989 1668 ;
1008 1581 1124 1654 vatent
1137 1582 1361 1655 communiter

291 1709 379 1779 circa
400 1724 534 1779 centum
555 1707 689 1778 solidos.

341 1862 424 1931 item
444 1858 578 1930 leudam
598 1858 755 1930 ollarum.

341 2012 425 2082 ltem
455 2010 569 2081 nullus
598 2011 633 2080 in
659 2019 727 2082 toto
757 2011 925 2081 territorio
962 2012 1004 2082 do
1038 2012 1219 2083 Alauhano
1252 2019 1361 2105 potest

292 2137 410 2208 venari
432 2136 485 2207 vel
505 2159 625 2229 capere
645 2136 815 2206 cuniculos
834 2137 896 2207 sub
918 2159 1004 2229 pena
1027 2137 1207 2229 sexaginta
1232 2136 1360 2208 solido-

292 2286 391 2352 rum,
413 2261 478 2333 nisi
500 2262 544 2331 sit
562 2261 603 2331 de
625 2261 798 2333 voluntate
815 2262 954 2331 domini.

341 2415 426 2485 Item
450 2437 567 2485 omues
585 2413 738 2484 homines
766 2413 806 2484 de
839 2413 1019 2484 Alauhano
1051 2422 1130 2483 suut
1151 2412 1192 2483 de
1206 2412 1360 2485 districtu

293 2538 561 2609 molendinorum
580 2538 705 2608 domiui
724 2538 964 2630 archiepiscopi
989 2538 1031 2607 de
1053 2538 1244 2627 Piniciano,
1275 2547 1310 2609 et
1331 2539 1360 2609 si

293 2663 418 2733 vadant
436 2662 517 2734 alibi
537 2663 580 2732 ad
601 2663 792 2734 molendum
820 2662 943 2733 debent
969 2656 1109 2754 perdere
1136 2662 1281 2733 farinam
1304 2663 1359 2735 vel

292 2789 422 2859 solvero
452 2788 631 2881 sexaginta
652 2788 774 2858 solidos
802 2811 861 2880 pro
884 2811 988 2879 pona,
1019 2787 1138 2858 electio
1155 2796 1207 2858 est
1232 2788 1360 2858 domini

293 2913 552 3007 archiepiscopi3
568 2913 775 2984 illafuerunt
786 2922 901 2983 amota
913 2912 1142 2983 mediantibus
1153 2919 1226 2983 octo
1241 2913 1363 2984 modiis

293 3038 384 3108 ordei
408 3036 627 3108 rendualibus
654 3060 737 3128 quos
760 3036 889 3106 iaciunt
906 3035 986 3105 dicti
1002 3034 1156 3107 homines
1180 3036 1358 3106 annuatim

292 3162 427 3234 domiuo
451 3163 665 3234 Narbonensi
681 3185 724 3234 ex
743 3159 999 3253 compositione,
1022 3166 1086 3230 etc.

815 3472 841 3542 O

632 3707 714 3758 mnu
739 3708 782 3756 nu
807 3708 1009 3758 acunumiae.

343 3919 513 4010 Sequatur
531 3941 650 3990 census
668 3921 831 3991 annuales
843 3919 946 3990 debiti
957 3943 1047 3990 auno
1059 3921 1208 4012 quolibet
1225 3921 1359 3992 domino

292 4043 541 4136 archiepiscopo
559 4045 786 4116 Narbonensi.

343 4196 458 4266 Primo
473 4196 510 4266 in
527 4197 670 4292 pecunia
691 4197 842 4269 undecim
862 4198 984 4286 libras,
1008 4197 1160 4269 undecim
1183 4198 1305 4270 solidos
1326 4206 1360 4270 ot

294 4330 366 4394 octo
383 4320 551 4394 denarios.
