3308 5430
743 609 836 657 tlvns
858 610 938 658 VERT

789 836 876 908 XIX

432 1063 605 1116 ECCLESIAE
630 1064 674 1114 DE
699 1062 888 1115 MONTELLIS
913 1063 957 1113 ET
982 1062 1025 1114 Dlll
1050 1063 1228 1115 ANlSSANO.

347 1273 507 1367 Sequitur
518 1271 679 1366 quidquid
693 1278 728 1343 et
742 1277 906 1365 quantum
921 1271 1040 1366 recipit
1058 1271 1213 1343 dominus
1231 1271 1363 1345 archie·
1383 1244 1391 1382 Ἰ

298 1399 451 1494 piscopus
472 1399 507 1468 in
525 1397 674 1469 ecclesiis
693 1396 734 1468 de
754 1395 927 1466 Montellis
947 1395 1040 1466 etde
1060 1395 1243 1468 Anissano.

345 1549 390 1619 Et
420 1548 529 1640 primo
561 1547 680 1639 recipit
702 1547 738 1616 in
767 1546 907 1618 ecclesia
933 1546 974 1619 do
1004 1546 1200 1637 Montellis‚
1229 1546 1265 1617 iu
1294 1553 1365 1619 toto

295 1672 466 1743 terminali
497 1671 540 1742 de
570 1671 742 1743 Montellis
755 1727 764 1760 ‚
801 1671 1014 1743 medietatem
1052 1671 1202 1742 omnium
1237 1670 1365 1744 scilicet

295 1795 498 1885 bladorum,
530 1796 625 1885 vini,
653 1797 745 1886 olei,
777 1796 965 1889 carnalagii
990 1819 1030 1868 ac
1057 1795 1228 1886 ortalitiae,
1263 1804 1298 1868 et
1327 1796 1363 1866 in

295 1920 466 1991 terminali
495 1920 645 1991 ecclesiae
669 1920 783 1992 Sancti
813 1921 955 1992 loannis
979 1920 1021 1993 de
1047 1920 1200 1992 Sericata
1228 1943 1364 1992 annexa

294 2045 444 2117 ecclesiae
471 2045 513 2116 de
544 2045 717 2116 Montellis
750 2045 885 2116 bladum
913 2045 1075 2116 dividitur
1108 2045 1143 2115 in
1172 2051 1299 2139 septem
1329 2051 1364 2116 et

294 2192 414 2241 novem
447 2177 577 2264 partes3
613 2170 727 2263 itaque
755 2170 909 2241 dominus
939 2169 1208 2263 archiepiscopus
1245 2167 1363 2262 recipit

292 2302 420 2389 septem
449 2304 561 2388 partes
595 2302 629 2365 et
659 2302 766 2367 rector
797 2317 918 2366 novem
952 2303 1065 2387 partes
1072 2315 1081 2381 ;
1115 2301 1149 2365 et
1180 2293 1299 2364 vinum
1329 2298 1364 2363 et
1414 2314 1419 2322 ’

292 2419 403 2492 oleum
427 2420 625 2491 dividuntur
653 2419 688 2489 in
720 2419 869 2512 quinque
897 2429 931 2491 et
958 2426 1084 2515 septem
1115 2419 1297 2513 partibus,
1328 2425 1363 2488 et

291 2543 446 2615 dominus
466 2544 735 2636 archiepiscopus
760 2543 877 2637 recipit
898 2543 1045 2636 quinque
1064 2551 1177 2637 partes
1196 2552 1231 2616 et
1253 2550 1361 2617 rector

293 2676 421 2763 septem
439 2675 565 2762 partes.
917 2648 928 2661 ’

340 2830 425 2899 Item
448 2828 484 2898 in
507 2828 646 2900 ecclesia
668 2829 709 2900 de
731 2829 900 2899 Anissano
918 2828 1073 2900 dominus
1093 2828 1362 2923 archiepiscopus

292 2955 410 3048 recipit
425 2955 461 3024 in
486 2955 602 3025 mullis
622 2954 858 3026 terminalibus
878 2955 1092 3027 medietatem
1112 2955 1224 3046 bladi,
1247 2955 1312 3026 olei
1327 2962 1361 3026 et

291 3080 508 3173 carnalagii3
541 3089 575 3151 et
602 3081 720 3151 vinum
751 3081 912 3151 dividitur
941 3082 978 3150 in
1009 3081 1118 3153 tribus
1150 3089 1184 3152 et
1213 3080 1361 3174 quinque

292 3205 467 3298 partibus,
502 3213 536 3276 et
572 3205 727 3276 dominus
762 3206 1029 3299 archiepiscopus
1063 3206 1182 3300 recipit
1213 3206 1361 3299 quinque

292 3341 405 3423 partes
424 3339 456 3400 et
475 3329 566 3422 prior
582 3337 651 3400 tres
670 3338 806 3422 partes3
829 3337 862 3401 et
881 3330 917 3399 in
932 3330 1103 3401 terminali
1119 3331 1160 3402 de
1176 3329 1360 3400 Ausedima

289 3455 445 3525 dominns
488 3455 756 3547 archiepiscopus
799 3455 917 3547 recipit
966 3463 1072 3526 totam
1118 3455 1283 3526 decimam
1326 3462 1359 3526 91

290 3580 459 3667 omnium,
495 3586 529 3650 et
564 3579 599 3648 in
633 3579 869 3650 terminalibus
903 3579 952 3650 de'
984 3580 1134 3672 Folpano
1172 3586 1206 3649 61
1244 3578 1359 3651 Sancti

290 3703 438 3774 Andreae
459 3710 530 3773 tota
550 3702 679 3773 decima
697 3712 731 3772 et
751 3703 908 3795 premitia
926 3711 977 3774 est
1002 3703 1128 3774 domini
1152 3704 1286 3796 prioris.
1314 3706 1360 3776 Et

290 3827 325 3896 in
342 3827 512 3897 terminali
527 3827 645 3897 Sancti·
657 3827 799 3898 loannis
812 3828 853 3898 de
868 3828 1042 3922 Cayssano
1057 3828 1212 3900 'dominus
1224 3829 1371 3928 archief

289 3952 443 4045 piscopus
458 3952 576 4044 recipit
591 3959 698 4022 totum
707 4007 716 4041 ‚
734 3961 873 4046 excepta
886 3937 1043 4046 premitis
1059 3961 1202 4046 quaeest
1217 3954 1355 4047 prioris3

291 4083 325 4146 61
346 4076 381 4144 10
400 4075 636 4146 terminalibus
655 4077 768 4146 Sancti
788 4076 989 4147 Christosori
1007 4078 1099 4170 prior
1116 4077 1234 4171 recipit
1252 4084 1360 4149 totum

293 4200 474 4289 manuale,
493 4208 527 4271 et
545 4200 593 4271 sic
609 4200 806 4272 dividuntur
822 4201 951 4272 fructus
967 4202 1117 4273 ecclesiae
1131 4202 1173 4274 de
1189 4202 1359 4274 Anissano

292 4326 381 4398 inter
401 4325 573 4397 dominum
594 4325 849 4398 Narbonensem
868 4334 902 4397 91
918 4332 1065 4420 priorem
1083 4326 1163 4398 dicti
1181 4327 1257 4398 loci.
