3308 5430
292 601 332 663 78
729 613 823 660 urvnn
845 613 926 660 vuer

290 762 464 855 proprium
490 759 624 830 domino
655 758 904 853 archiepiscopo
933 766 968 830 et
990 757 1090 830 debet
1112 758 1190 853 poni
1222 759 1360 853 siguum

291 884 441 955 ecclesiae
465 883 577 956 Sancti
604 885 694 955 lusti
722 907 824 977 supra
851 891 1000 955 castrum
1024 883 1221 956 clamando:
1253 885 1362 957 Vivat

292 1008 453 1097 ecclesia,
477 1015 542 1080 etc.

771 1240 883 1311 LXIII

640 1465 683 1515 nu
708 1465 1014 1517 DARNACOLLEC'I'A.

343 1674 502 1767 Sequitur
520 1673 612 1745 locus
634 1671 675 1744 do
702 1672 956 1745 Darnecollecta
983 1673 1041 1744 ubi
1063 1673 1219 1746 dominus
1241 1675 1361 1747 archi-

293 1798 466 1892 episcopus
485 1797 716 1869 Narbonensis
731 1797 835 1869 habet
854 1802 960 1869 totam
975 1798 1080 1870 altam
1093 1799 1363 1892 jurisdictionem

293 1932 326 1994 et
346 1945 478 1993 merum
495 1945 535 1992 ac
553 1922 698 1992 mixtum
722 1922 901 2015 imperium
920 1931 955 1995 et
974 1922 1101 2016 primas
1119 1924 1364 2018 appellationes

294 2055 328 2118 et
346 2046 559 2118 medietatem
580 2046 818 2118 iurisdictionis
828 2048 973 2141 meJanae
985 2048 1058 2121 sive
1074 2048 1183 2120 bassae
1203 2049 1363 2121 iurisdic-

295 2173 418 2261 tionis,
439 2177 474 2242 et
487 2171 557 2242 alia
571 2171 733 2243 medietas
743 2180 795 2244 est
814 2172 943 2264 Hugeti
961 2170 1004 2243 de
1022 2172 1120 2244 Arcis
1129 2227 1139 2261 ,
1157 2173 1360 2246 bassalisui.
1384 2258 1387 2262 μ

344 2326 428 2395 Item
448 2324 603 2394 dominus
618 2322 886 2417 archiepiscopus
908 2324 1010 2395 habet
1028 2324 1064 2394 in
1085 2324 1172 2396 dicto
1190 2325 1262 2396 loco
1286 2347 1364 2418 quae

295 2456 458 2542 sequntur
476 2470 536 2541 per
554 2448 717 2519 ordinem.

344 2600 459 2671 Primo
477 2607 585 2671 certos
600 2601 689 2670 socos
703 2607 738 2671 et
755 2599 909 2671 homines
928 2600 1066 2694 IIgeros.

343 2754 427 2824 Item
451 2775 556 2823 unum
580 2751 808 2824 molendinum
830 2775 906 2824 cum
929 2752 1074 2846 quadam
1094 2752 1303 2847 possessione
1320 2752 1363 2824 de

294 2884 463 2950 mansela.

343 3032 427 3103 Item
446 3029 617 3102 devesiam
641 3029 782 3123 piscium
801 3053 875 3101 cum
910 3052 998 3122 pena
1026 3030 1062 3099 in
1086 3028 1212 3123 riperia
1239 3028 1365 3102 scilicet

166 3252 169 3259 Ι
294 3154 358 3226 sibi
379 3161 414 3227 et
434 3156 577 3248 Hugeti.

343 3308 428 3379 Item
448 3306 663 3401 pesqueriam
679 3305 837 3400 herbagii
852 3329 929 3377 cum
943 3328 1042 3399 pena.

774 3636 889 3707 LXIV

565 3861 670 3913 ‚ITEM
694 3862 738 3912 DF}
759 3862 1066 3914 DARNACOLLECTA.

344 4073 514 4166 Sequntur
529 4096 649 4145 census
667 4074 832 4145 annuales
847 4073 951 4146 debiti
966 4072 1102 4145 domino
1115 4073 1365 4168 archiepiscopo

295 4199 526 4271 Narbonensi.

345 4351 460 4422 Primo
475 4351 512 4421 in
530 4349 672 4444 pecunia
685 4372 762 4421 cum
776 4350 936 4422 carnibus
954 4349 1053 4423 salsis
1061 4404 1169 4424 .....
