3308 5430
379 598 418 659 36
814 612 907 657 iarun
929 612 1009 659 vuar

377 759 448 829 loco
468 758 509 829 de
529 757 652 827 Villari
669 757 825 828 dominus
849 757 968 850 recipit
993 757 1077 829 duas
1100 764 1214 851 partes
1233 764 1268 830 et
1297 757 1446 828 vicarius

377 882 512 954 tertiam
527 888 675 974 partem,
698 892 732 953 ct
749 882 785 951 iu
806 881 967 953 decimale
987 882 1101 953 Sancti
1127 882 1275 954 Andreae
1302 880 1394 953 ultra
1412 879 1447 951 id

377 1007 464 1101 quod
478 1008 547 1078 itur
561 1007 602 1078 de
617 1006 760 1077 Biterris
772 1017 878 1077 totum
896 1007 1015 1100 recipit
1025 1007 1181 1079 dominus
1197 1006 1443 1079 Narbonensis·

426 1205 472 1275 Et
510 1205 546 1275 in
577 1206 717 1293 ecclesia
754 1205 859 1275 rurali
889 1205 1004 1276 Sancti
1035 1204 1183 1275 Andreae
1215 1213 1250 1275 et
1287 1202 1447 1275 termina·

376 1329 466 1400 libus
483 1330 556 1401 cius
575 1331 802 1423 spectantibus
820 1330 862 1399 ad
877 1331 986 1400 locum
1010 1329 1051 1400 de
1079 1329 1221 1401 Poteriis
1246 1329 1381 1401 situatis
1410 1328 1447 1398 in

377 1456 547 1526 terminali
569 1455 609 1525 de
634 1456 816 1544 huissauo‚
845 1454 1000 1525 dominus
1025 1454 1294 1548 archiepiscopus
1327 1452 1447 1546 recipit

378 1581 665 1652 totamdecimam
679 1580 720 1651 do
739 1580 908 1651 omnibus.

426 1781 509 1849 Item
528 1779 563 1848 in
580 1778 720 1850 ecclesia
740 1778 854 1848 Sancti
872 1770 1014 1869 Hipoliti
1029 1776 1070 1848 dc
1088 1777 1256 1871 Mayrano
1272 1776 1337 1846 sita
1348 1780 1445 1845 iuxta

376 1902 485 1973 locum
506 1902 546 1973 (10
564 1903 696 1973 Casulis
708 1957 717 1990 ‚
738 1901 893 1972 dominus
916 1902 1187 1994 archiepiscopus
1216 1900 1334 1995 recipit
1360 1900 1446 1972 duas

376 2036 489 2119 partes
511 2027 611 2098 totius
631 2027 788 2115 decimae,
810 2035 844 2097 00
857 2027 947 2118 prior
969 2027 1122 2118 praefatae
1138 2025 1289 2098 ecclesiae
1307 2025 1444 2097 tertiam

375 2160 505 2245 partem
527 2162 561 2224 et
579 2152 784 2247 premitiam.

424 2352 508 2421 Item
523 2350 558 2419 in
577 2349 716 2420 ccclesia
735 2349 775 2420 de
786 2349 989 2437 Savinhaco,
1012 2351 1108 2419 iuxta
1123 2347 1441 2434 iocnmchasnliS,

375 2486 453 2547 stmt
474 2477 521 2546 ibi
542 2477 656 2569 plnres
675 2475 870 2568 partioncrii
892 2475 949 2566 qni
960 2475 1086 2546 habent
1097 2484 1227 2568 partem
1246 2474 1282 2543 in
1297 2474 1438 2559 decima,

373 2603 414 2673 de
429 2624 570 2694 quorum
590 2624 729 2671 numero
744 2600 898 2670 dominns
917 2601 1186 2693 archiepiscopus
1207 2607 1258 2670 est
1279 2623 1366 2669 nnus
1377 2654 1386 2688 ,
1410 2605 1444 2669 et

373 2726 473 2796 solvit
483 2749 542 2818 pro
553 2736 647 2818 parte
663 2749 725 2795 sua
735 2749 836 2817 quam
852 2725 969 2817 recipit
983 2725 1159 2797 dedecima
1171 2725 1274 2818 priori
1288 2723 1443 2817 preffatee

372 2851 523 2922 ecclesiae
542 2857 615 2921 octo
636 2852 779 2921 sestaria
798 2851 958 2921 tinnienti
979 2859 1012 2921 et
1031 2858 1103 2921 octo
1130 2849 1273 2920 sestaria
1291 2848 1384 2920 ordei
1402 2847 1444 2918 de

371 2977 526 3068 pentione
547 2983 597 3064 et,
617 2976 726 3046 soluta
746 2976 920 3068 pectione,
944 2982 1096 3047 remanet
1112 2975 1240 3046 modica
1256 2998 1335 3069 pars
1362 2996 1437 3045 sua.

421 3182 505 3251 Item
531 3183 567 3250 in
593 3181 699 3251 rurali
734 3181 874 3252 ecelesia
907 3181 1021 3252 Sancti
1053 3180 1152 3251 Pauli
1181 3181 1222 3252 de
1242 3179 1437 3268 Praissano,

371 3306 526 3376 dominus
540 3306 809 3400 archiepiscopus
824 3307 942 3400 recipit
956 3306 1039 3377 duas
1054 3313 1167 3399 partes
1180 3305 1284 3376 totius
1301 3304 1441 3376 decimae

372 3437 406 3504 et
420 3432 539 3502 domus
560 3431 674 3503 Sancti
696 3432 837 3502 Joannis
855 3431 1153 3503 Hierosolomitani
1172 3431 1290 3525 recipit
1305 3430 1441 3502 tertiam

371 3565 502 3650 partem
516 3556 655 3628 decimae
676 3564 710 3628 et
728 3564 832 3628 totam
848 3557 1053 3650 premitiam.

420 3763 505 3833 item
535 3762 638 3834 habet
662 3762 819 3834 dominns
843 3763 1112 3855 archiepiscopus
1145 3760 1378 3833 Narbonensis
1403 3732 1439 3831 in

370 3886 460 3957 diota
479 3888 605 3958 bavilia
622 3889 786 3959 animalia
806 3902 925 3959 vocata
943 3888 988 3958 dc
1006 3888 1171 3984 t'capooc.

420 4095 505 4166 Item
521 4107 599 4165 sunt
617 4096 653 4165 in
667 4095 756 4166 dicta
770 4095 898 4166 bavilia
909 4118 1030 4166 census
1049 4093 1163 4188 plures
1183 4101 1217 4164 et
1235 4093 1350 4186 aliqua
1370 4091 1439 4162 alia

370 4221 525 4306 deveria;
550 4220 607 4291 sed
627 4243 687 4315 per
711 4220 862 4291 bavilnm
882 4218 981 4290 dictae
1002 4218 1139 4290 baviliae
1164 4242 1240 4289 cnm
1259 4216 1437 4310 diligentia

371 4345 622 4441 perquirantur.
733 4337 734 4340 ’
