3308 5430
291 589 330 650 96
726 602 819 649 urvnn
842 600 922 650 urar

290 748 462 841 episeopus
481 747 711 819 Narbonensis
730 747 833 819 habet
851 745 1077 818 omnimodam
1088 745 1358 840 jurisdictionem

289 873 393 943 altam
413 880 446 943 et
466 873 599 943 bassam
621 881 654 943 et
673 895 803 944 merum
824 895 864 943 ae
879 873 1023 943 mixtum
1040 872 1218 964 imperium
1232 879 1267 943 et
1281 871 1358 966 pri-

291 1019 364 1067 mas
381 996 640 1089 appellationes,
663 1006 698 1067 et
713 997 748 1066 in
758 997 836 1068 aliis
852 997 934 1068 loeis
944 996 1136 1091 jurisdictio
1150 1003 1202 1068 est
1213 996 1306 1089 regis
1324 1003 1359 1068 et

290 1121 423 1193 abbatis
443 1122 673 1192 Iocondensis

340 1275 424 1344 llem
439 1272 541 1344 habel
560 1272 595 1343 in
613 1273 710 1344 dietis
732 1274 812 1344 loeis
832 1296 910 1366 qnae
931 1280 1094 1367 sequntur
1112 1296 1171 1367 per
1190 1273 1355 1343 ordinem.

341 1425 452 1495 Primo
474 1425 508 1493 in
528 1425 671 1518 peeunia
695 1448 755 1517 pro
783 1434 902 1517 questa
927 1424 1066 1496 annuali
1087 1431 1231 1517 quatuor
1250 1423 1357 1495 libras

290 1564 325 1622 ot
342 1550 521 1621 octodecim
538 1549 673 1620 solidos.

338 1701 422 1771 Item
432 1700 473 1771 ile
483 1702 652 1771 frumento
665 1700 708 1770 ad
720 1723 912 1771 mensuram
927 1699 1042 1771 Saltus
1054 1707 1180 1793 septem
1195 1697 1353 1770 sestaria.

339 1853 422 1923 Item
441 1852 482 1926 de
500 1874 643 1923 arraona
665 1864 791 1945 septem
807 1852 962 1924 sestaria.

340 2005 424 2075 Item
437 2004 591 2096 fogassas
609 2004 706 2075 albas
720 2004 816 2075 duas.

340 2156 423 2227 Item
438 2155 585 2247 gallinas
600 2162 727 2247 septem
745 2162 779 2225 et
795 2177 899 2224 unum
920 2151 1066 2245 gallum.

340 2307 424 2376 Item
441 2306 544 2377 habet
563 2305 597 2376 in
615 2305 715 2376 certis
737 2304 817 2375 loeis
835 2304 999 2375 dictorum
1013 2304 1160 2375 loeornm
1177 2301 1359 2396 foriseapia

290 2438 325 2502 et
345 2430 518 2501 laudimia.

725 2737 927 2809 LXXXVII

693 2975 736 3023 DE
761 2972 957 3024 CUMBRETO.

339 3185 499 3279 Sequitur
517 3185 608 3256 loeus
623 3182 664 3255 de
685 3180 934 3275 Combretoqui
953 3188 1005 3253 est
1018 3182 1244 3253 totusdomini
1260 3182 1358 3253 Nar-

291 3311 448 3382 bonensis
470 3308 734 3401 arehiepiseopi,
767 3316 906 3400 excepta
925 3306 996 3377 alta
1020 3305 1254 3400 jurisdictione
1280 3329 1359 3399 quae

291 3445 342 3507 est
360 3434 486 3505 domini
503 3433 608 3503 nostri
624 3433 715 3524 regis
730 3432 898 3503 Franciae.

341 3588 425 3657 Item
439 3584 543 3655 habet
556 3584 591 3653 in
610 3583 697 3655 dieto
714 3584 786 3655 loeo
806 3607 883 3676 quae
905 3590 1069 3676 sequntur
1087 3605 1147 3675 per
1165 3582 1330 3654 ordinem.

341 3737 455 3807 Primo
472 3736 508 3804 in
529 3736 671 3828 pecnnia
688 3736 729 3806 de
741 3759 844 3808 eensu
864 3735 1008 3828 triginta
1029 3734 1163 3806 solidos.

338 3886 422 3955 Item
442 3884 545 3955 habet
565 3884 714 3976 gallinas
730 3885 889 3977 quinque.

341 4036 426 4106 Item
446 4035 550 4106 habet
570 4035 617 4104 ibi
636 4035 761 4128 aliquae
780 4045 877 4128 prata
892 4058 969 4126 quae
989 4035 1030 4106 de
1049 4058 1136 4105 novo
1152 4035 1247 4106 emit.

343 4188 427 4257 Item
443 4186 546 4256 habet
561 4186 596 4255 in
618 4186 705 4257 dieto
725 4187 796 4258 loeo
814 4187 950 4279 agreria
965 4186 1001 4256 in
1020 4186 1129 4258 bladis
1144 4194 1179 4258 et
1193 4188 1292 4259 senis.

344 4338 428 4407 Item
447 4336 626 4429 foriseapia
646 4344 679 4408 et
692 4336 865 4409 laudimia.
