3308 5430
290 623 329 683 22
725 637 818 684 mrim
839 634 919 684 rnnr

338 782 423 853 Item
441 781 545 853 habet
562 782 716 853 dominns
737 782 1007 876 archiepiscopus
1025 784 1061 854 in
1079 784 1167 856 dicto
1188 784 1258 856 looo
1279 807 1356 877 quae

289 913 452 998 sequntur
471 930 530 1000 per
545 907 708 978 ordinem.

339 1067 454 1138 Primo
472 1091 569 1138 suum
588 1077 736 1139 castrum
755 1067 932 1162 pulchrum
952 1093 1028 1140 cum
1047 1070 1208 1159 armenie,
1232 1070 1359 1142 scilicet

289 1192 427 1285 garenis
442 1198 476 1264 et
493 1191 583 1263 aliis.

338 1354 423 1423 Item
448 1351 552 1424 habet
578 1374 683 1424 unum
711 1351 893 1445 hospitium
925 1376 1087 1446 magnum
1116 1361 1150 1425 ct
1179 1312 1361 1448 pulchrum

290 1477 409 1549 subtus
431 1483 580 1549 castrum
604 1500 680 1549 cum
705 1478 860 1550 annexis.

338 1638 423 1709 Item
439 1661 544 1708 unum
568 1638 721 1732 pulcrum
742 1638 942 1709 viridarium
970 1639 1057 1710 dicto
1085 1639 1230 1733 bospitio
1248 1639 1359 1711 conti·

289 1780 410 1850 guum.

339 1919 422 1988 ltem
461 1942 566 1988 unum
602 1919 830 1990 molendinum
863 1920 950 1990 dicto
984 1919 1130 2012 hospitio
1161 1894 1358 2012 contiguum

289 2043 540 2128 cumdistrictu;
555 2042 672 2113 datum
683 2054 733 2119 est
744 2043 787 2114 ad
803 2068 925 2114 novum
937 2045 1124 2136 accapitum
1136 2044 1179 2115 ad
1192 2045 1358 2114 usaticum

290 2175 433 2258 quatuor
454 2169 672 2239 sestariorum
692 2168 875 2253 frumenti,
900 2178 934 2239 et
953 2169 1052 2241 debet
1063 2170 1188 2241 molere
1210 2168 1360 2261 quadra-

290 2293 388 2386 ginta
408 2294 551 2365 sestaria
576 2294 649 2364 sine
673 2293 831 2364 moltura.

340 2454 425 2524 Item
464 2453 569 2523 habet
613 2453 750 2523 ianuam
780 2453 916 2542 castri,
955 2452 1089 2524 stabula
1127 2475 1288 2546 equorum
1325 2459 1359 2522 et

291 2578 469 2650 feneriam.

341 2740 424 2809 Item
450 2760 552 2807 unam
573 2737 704 2830 seglam
722 2761 781 2830 pro
804 2737 911 2808 bladis
929 2737 1106 2826 tenendiS,
1135 2738 1236 2808 sitam
1262 2737 1360 2808 iuxta

292 2864 427 2936 stabula
446 2872 583 2956 aparte
603 2863 768 2934 meridiei.

341 3025 425 3094 Item
461 3023 564 3094 habet
592 3045 697 3093 unum
728 3024 865 3093 furnum
896 3023 1066 3116 propritim
1096 3022 1173 3094 c'um
1205 3022 1359 3094 districtu

292 3148 457 3242 dequoqui
478 3147 521 3217 ad
538 3147 752 3239 trigesimum
772 3171 905 3240 panem.

341 3311 426 3381 Item
445 3332 551 3380 unum
569 3318 703 3401 pratum
725 3308 824 3378 situm
842 3309 878 3378 in
896 3308 1021 3401 riperia
1041 3308 1227 3379 districata.

341 3473 426 3543 Item
445 3478 517 3541 octo
535 3469 751 3540 condaminas
769 3469 921 3562 proprias
939 3469 1022 3540 sitas
1041 3470 1077 3538 in
1094 3467 1238 3540 diversis
1252 3467 1358 3539 terri-

292 3596 388 3668 toriis
408 3595 523 3667 castri.

341 3759 426 3828 Item
443 3756 527 3828 duas
537 3754 655 3825 vineas
668 3755 819 3851 proprias
833 3754 915 3825 sitas
931 3755 966 3824 in
984 3753 1153 3826 territorio
1169 3759 1303 3824 vocato.
1319 3806 1327 3824 .
1343 3807 1353 3825 .

276 3916 280 3922 ’
342 3919 426 3991 Item
460 3917 508 3987 ibi
541 3913 707 4008 agreria,
742 3921 913 4007 tasquaS,
955 3922 1137 4003 temones,
1170 3920 1356 4006 quartum,

293 4043 461 4138 quintum.

343 4205 427 4274 Item
448 4199 627 4293 foriscapia
642 4206 678 4271 et
690 4200 851 4270 laudimia
870 4201 906 4269 in
922 4199 992 4270 loco
1008 4207 1042 4270 et
1059 4198 1307 4271 terminalibus.

344 4357 428 4426 Item
448 4351 597 4436 midam,
619 4351 820 4444 inquantum
839 4359 873 4422 et
891 4351 1017 4422 banna.
