3308 5430
532 649 571 695 mr
592 630 826 696 u’rncnuvuonr
847 647 887 693 uu
908 647 1076 696 unnuouuu
1320 636 1357 696 lu

288 801 324 867 et
340 775 495 865 dominus
512 792 781 886 archiepiscopus
795 791 894 864 debet
909 793 1102 865 hominibus
1121 794 1229 865 solum
1248 794 1358 867 facere

289 919 325 988 in
346 918 508 990 Narbona
528 940 694 1011 expensas
714 919 751 987 in
769 917 922 1010 prandio.

339 1043 423 1114 Item
444 1041 562 1134 recipit
579 1041 615 1111 in
632 1040 720 1111 dicto
740 1040 811 1112 loco
831 1042 985 1141 agreria,¹
1008 1049 1167 1135 tasquas‚
1192 1050 1356 1133 temones

289 1176 467 1259 quartum,
492 1167 661 1260 quintum.

338 1294 422 1365 item
442 1291 623 1386 foriscapia
641 1299 676 1364 et
694 1292 868 1363 laudimia.

806 1541 862 1611 Χ.

682 1715 765 1764 mmu
790 1715 834 1764 un
859 1714 965 1764 sums.

340 1870 511 1963 Sequntur
549 1893 670 1942 census
702 1871 867 1942 annuales
907 1869 987 1942 dicti
1021 1871 1084 1942 loci
1119 1871 1223 1943 debiti
1273 1895 1363 1942 anno

290 1995 439 2089 quolibet
456 1995 590 2067 domino
616 1996 866 2089 archiepiscopo
886 1996 1114 2068 Narbonensi.

341 2120 455 2190 Primo
474 2120 508 2189 in
527 2121 669 2213 pecunia
678 2172 1078 2194 .................
1135 2144 1179 2193 xu
1206 2145 1235 2193 s.
1265 2144 1300 2193 vr
1325 2121 1358 2192 d.

340 2245 424 2314 ltem
449 2243 580 2315 ratione
605 2244 864 2315 affraucamenti
885 2298 1115 2318 ..........
1172 2268 1219 2317 vu
1241 2246 1359 2318 libras·

340 2368 424 2438 Item
444 2367 528 2439 duas
546 2368 693 2461 gallinas
711 2369 900 2440 censuales,
1010 2368 1017 2377 ’

341 2493 425 2563 ltom
453 2493 583 2565 ratione
611 2493 868 2565 affrancamenti
888 2548 1068 2567 ........
1124 2517 1171 2565 vn
1198 2494 1358 2587 gallinas,

343 2619 426 2689 ltem
445 2618 486 2688 de
504 2619 673 2688 frumento
683 2670 861 2690 ........
919 2627 1050 2689 vsext.
1085 2624 1119 2690 et
1139 2618 1359 2710 quarteriam.

340 2744 424 2814 ltem
447 2743 488 2814 de
520 2742 620 2814 ordeo
629 2795 1099 2816 ....................
1157 2744 1359 2815 csextaria.

341 2868 424 2938 ltem
445 2867 549 2937 habet
568 2866 723 2937 domiuus
741 2865 1010 2959 archiepiscopus
1028 2867 1204 2958 albergam
1220 2867 1255 2936 iu
1274 2866 1362 2938 dicto

289 2992 361 3062 loco
382 2992 528 3062 militum
549 3015 651 3084 quam
672 2992 752 3063 facit
781 2991 975 3062 Bernartius
992 2991 1034 3062 de
1052 2991 1141 3063 Salis
1160 3013 1251 3062 anno
1272 3014 1361 3083 quo-

291 3117 374 3188 libet
394 3126 429 3186 et
453 3117 590 3186 tertiam
611 3122 742 3208 partem
763 3115 916 3185 alterius
1230 3117 1233 3123 ’

341 3242 425 3313 Item
459 3241 563 3312 habet
595 3240 724 3311 curiam
751 3239 969 3333 temporalem
997 3239 1033 3309 iu
1065 3239 1154 3309 dicto
1187 3240 1257 3310 loco
1285 3261 1362 3311 cum

292 3366 436 3437 anilonis
446 3421 456 3454 ,
478 3366 604 3436 scilicet
621 3365 916 3458 compositionibus
935 3373 969 3435 et
986 3364 1148 3436 emendis.

341 3494 426 3564 Item
444 3491 611 3562 notariam
635 3513 712 3582 quae
733 3488 910 3581 respondet
930 3488 1073 3559 notariae
1097 3488 1138 3559 de
1159 3488 1359 3561 Gruissano

341 3618 425 3688 Item
445 3639 560 3686 omues
579 3614 732 3685 homines
750 3613 828 3684 dicti
847 3613 911 3683 loci
929 3619 1088 3683 tenentur
1104 3614 1214 3685 facere
1228 3614 1363 3686 domiuo

293 3763 354 3811 suo
371 3739 639 3832 archiepiscopo,
662 3739 697 3808 in
721 3739 870 3808 novitate
895 3760 957 3808 sua
989 3745 1023 3808 et
1052 3739 1175 3809 totiens
1196 3739 1361 3830 voluerit,

294 3874 542 3935 sacramentum
560 3863 746 3934 fidelitatis

344 3988 428 4058 Item
468 3988 661 4059 Bernardus
691 3987 732 4058 de
763 3987 852 4058 Salis
883 3986 964 4057 facit
992 3986 1189 4078 homagium
1218 3988 1365 4080 ligerum

295 4111 429 4183 domino
443 4112 691 4215 archiepiscopo
712 4111 925 4182 Narbonensi
943 4134 1003 4203 pro
1024 4112 1180 4183 omnibus
1202 4111 1269 4183 hiis
1288 4135 1365 4205 quae

297 4245 391 4309 tenet
410 4238 446 4307 in
464 4237 551 4307 dicto
569 4237 662 4326 loco,
686 4245 720 4308 et
740 4237 821 4307 facit
839 4259 942 4306 uuam
964 4236 1141 4329 albergam
1165 4246 1199 4309 et
1229 4237 1365 4309 tertiam

298 4369 428 4456 partem
446 4362 569 4453 onim,
593 4369 631 4433 ut
651 4385 765 4455 supra.
