3308 5430
448 717 453 723 Ι
531 655 572 701 rm
593 636 829 703 i’mcrrvtcnt
847 654 888 700 44
908 650 1079 701 44440444
1263 621 1266 629 ’
1301 636 1354 698 444

340 805 425 876 Item
453 803 490 873 in
510 801 650 874 00010010
669 801 711 872 de
740 800 937 872 Brasilhaeo
969 797 1105 871 tertiam
1133 803 1264 891 partem
1286 820 1360 868 om-

290 931 386 1002 nium
405 929 589 999 fruetuum.

340 1100 423 1169 Item
441 1098 478 1167 in
500 1092 640 1168 eeclesia
670 1096 711 1167 de
746 1096 864 1166 Castro
884 1092 1032 1167 Resindo
1053 1091 1360 1186 quatuordecimam

291 1229 420 1318 partem
438 1222 588 1293 emnium
604 1222 786 1292 fructuum.

341 1392 425 1463 Item
446 1390 482 1460 in
500 1388 640 1461 eeclesia
648 1387 690 1460 de
705 1385 897 1459 Tenenehis
914 1393 948 1457 et
963 1386 1066 1458 Serra
1078 1387 1214 1459 tertiam
1230 1393 1360 1480 partem

291 1515 442 1586 emnium
463 1514 648 1596 1440444444.

340 1686 423 1756 Item
449 1684 483 1753 14
515 1682 654 1755 00010010
680 1682 721 1752 de
752 1681 845 1754 ViIIa
876 1681 1026 1753 Martino
1056 1680 1269 1755 medietatem
1288 1704 1362 1752 om-

291 1809 385 1880 nium
401 1811 584 1880 fructuum.

341 1981 424 2050 Item
460 1981 495 2049 in
525 1978 664 2051 eeclesia
685 1977 735 2048 ·de
765 1977 887 2048 Sancte
920 1977 1069 2048 Martino
1093 1975 1197 2048 ViIIae
1221 1976 1362 2048 Reclam

291 2105 426 2175 tertiam
447 2111 578 2198 partem
596 2102 745 2174 emnium
765 2103 948 2174 fruetuum.

338 2274 422 2347 Item
451 2273 659 2345 in'ecelesia
685 2272 726 2343 de
754 2272 949 2344 Oalhavelle
969 2271 1105 2342 tertiam
1135 2277 1265 2364 partem
1283 2294 1361 2343 om-

291 2399 386 2471 nium
406 2399 589 2470 fructuum.

339 2563 422 2634 Item
444 2562 479 2632 in
495 2561 635 2633 00010010
649 2560 690 2631 de
709 2560 848 2631 Corteca
862 2566 896 2630 et
910 2558 1114 2631 Miromente
1128 2558 1264 2630 tertiam
1282 2581 1363 2651 par·-

290 2692 359 2756 tem
379 2685 529 2755 omnium
546 2687 729 2757 fructuum.

338 2848 422 2917 Item
456 2847 491 2916 14
522 2847 662 2918 ecclesia
685 2847 726 2919 de
752 2846 956 2938 Bellagarda
980 2851 1112 2918 sextam
1139 2853 1270 2939 partem
1290 2868 1365 2916 om-

289 2971 384 3041 nium
403 2972 587 3042 fructuum.

338 3133 422 3203 Item
446 3133 482 3201 in
510 3132 650 3204 00010010
677 3132 718 3203 de
745 3132 1014 3225 Montegardallo
1045 3132 1258 3204 medietatem
1284 3156 1363 3203 0m·

291 3255 382 3326 nium
399 3256 581 3327 fructuum.

339 3417 421 3486 Item
449 3416 484 3485 in
509 3415 660 3509 cappella
688 3415 794 3487 rurali
826 3415 867 3487 de
894 3416 1016 3487 Sancte
1047 3415 1146 3486 Iusto
1175 3421 1282 3486 totum
1312 3419 1364 3485 est

289 3561 465 3610 annexum
485 3563 612 3611 mensae
631 3539 771 3612 demini.

339 3701 422 3771 Item
442 3702 476 3770 in
495 3701 636 3772 ecelesia
660 3700 701 3770 de
723 3701 830 3772 Ponte
851 3700 983 3771 Mirone
1010 3708 1044 3769 et
1069 3698 1207 3770 Babene
1227 3697 1363 3769 tertiam

291 3830 421 3917 partem
436 3825 587 3895 omnium
608 3826 793 3896 fructuum.

339 3986 423 4057 Item
442 3986 478 4055 in
495 3985 635 4057 00010010
652 3985 694 4058 de
712 3985 927 4058 Estulenchis
942 3990 976 4056 et
994 3984 1117 4056 104410
1130 3984 1266 4056 tertiam
1285 4005 1366 4076 par·

291 4117 360 4180 tem
378 4111 529 4181 emnium
545 4112 728 4181 fruetuum.

340 4270 424 4340 Item
439 4270 474 4339 in
495 4270 635 4341 00010010
662 4269 703 4342 de
731 4272 846 4342 Mente
877 4271 956 4340 Alte
980 4269 1193 4341 medietatem
1213 4267 1364 4339 omnium

292 4393 475 4466 fructuum.
888 4410 891 4415 '
