3308 5430
294 614 351 676 ⁴26
748 625 841 673 nunu
863 627 943 674 vnur

340 776 423 845 ltem
451 773 480 842 si
509 792 599 864 aqua
630 770 767 842 duceret
807 793 929 842 navem
954 793 976 842 a
1007 793 1089 844 casu
1113 772 1169 844 vel
1183 797 1206 844 a
1223 773 1360 846 fortuna

290 898 428 988 alicubi,
449 896 601 991 praedicti
619 895 773 967 homines
791 894 833 966 de
848 894 974 968 Caneto
989 903 1146 969 tenentur
1164 897 1360 992 praediclam

290 1046 412 1095 navem
425 1043 634 1116 quocumque
650 1026 707 1092 eat
725 1020 832 1113 sequi,
856 1020 921 1091 nisi
939 1029 1028 1093 esset
1042 1020 1204 1094 deffeclus
1222 1029 1358 1112 nautae,

291 1154 325 1218 et
350 1146 472 1219 debent
492 1168 567 1217 eam
595 1143 752 1215 reducere
777 1142 986 1236 alpertum,
1014 1151 1049 1216 et
1067 1143 1224 1218 dominus
1241 1145 1361 1217 archi-

290 1268 464 1361 episcopus
482 1274 616 1339 tenetur
633 1267 808 1360 providere
822 1267 863 1337 de
882 1268 1040 1361 expensis
1055 1268 1215 1361 quamdiu
1233 1268 1359 1341 dictam

294 1416 416 1464 navem
432 1403 627 1486 sequentur,
645 1400 680 1464 el
700 1392 831 1464 nullum
854 1392 948 1463 aliud
974 1393 1136 1464 salarium
1158 1402 1297 1466 tenetur
1312 1395 1363 1467 eis

291 1518 384 1608 dare,
403 1517 469 1588 nisi
488 1518 596 1589 solum
616 1540 794 1610 expensas.

340 1668 594 1762 llemproedicti
615 1668 782 1757 hominm,
795 1674 930 1762 propler
949 1669 1122 1762 praedicta,
1140 1679 1220 1741 sunt
1235 1670 1361 1742 immu-

292 1817 353 1865 nes
372 1800 505 1886 aportu
521 1792 620 1864 navis
640 1801 675 1864 et
693 1793 780 1863 nihil
798 1793 920 1866 debent
940 1793 1083 1866 solvere.

341 1946 425 2015 Item
453 1943 607 2014 dominus
627 1943 896 2037 archiepiscopus
923 1945 1155 2016 Narbonensis
1182 1945 1299 2038 recipit
1324 1945 1361 2016 in

196 2111 198 2116 ·
293 2067 436 2160 quodam
453 2067 662 2160 cappellanio
676 2067 831 2138 instituto
851 2077 885 2140 et
906 2067 1045 2139 fundato
1063 2069 1099 2138 in
1122 2068 1261 2141 eeclesia
1275 2091 1361 2162 par-

293 2193 433 2265 rochiali
451 2192 493 2264 de
506 2193 647 2280 Canem,
673 2214 733 2284 pro
754 2215 839 2263 novo
863 2193 1003 2265 introitu
1017 2194 1218 2288 cappellani,
1247 2194 1361 2265 decem
1449 2206 1452 2210 “

294 2319 417 2404 libras3
440 2315 527 2410 quod
547 2316 792 2410 cappellanium
811 2325 903 2390 tenet
925 2341 1015 2390 nunc
1037 2318 1193 2390 dominns
1210 2319 1363 2391 Bernar-

293 2443 357 2515 dus
375 2441 585 2535 Domigonis

775 2680 886 2752 CXVI

669 2906 751 2957 ITEM
772 2907 815 2957 DE
841 2906 987 2957 canum.

343 3091 513 3183 Sequntur
536 3112 656 3161 census
683 3088 849 3160 annuales
888 3089 995 3160 debili·
1011 3112 1101 3161 anno
1127 3088 1277 3183 quolibet
1300 3089 1362 3160 de-

293 3216 384 3286 mine
397 3215 646 3308 archiepiscopo
664 3214 878 3285 Narbonensi
894 3214 930 3284 in
946 3214 1016 3284 loco
1030 3215 1071 3286 de
1086 3215 1226 3286 Caneto.

341 3367 454 3437 Primo
469 3367 505 3436 in
524 3367 666 3459 pecunia
679 3366 827 3459 quinque
840 3365 958 3455 libras,
976 3372 1120 3458 quatuor
1138 3365 1273 3455 solidos,
1292 3371 1362 3437 tres
1392 3406 1393 3410 =

293 3492 439 3562 deniers
456 3498 491 3590 el
511 3491 657 3562 obolum.

341 3644 426 3714 ltem
446 3642 487 3713 de
505 3643 674 3713 frumento
692 3664 752 3713 sex
766 3641 927 3714 sextaria.

341 3797 424 3866 Item
440 3795 482 3867 de
497 3794 596 3867 ordeo
619 3802 754 3866 centum
775 3794 1022 3887 quinquaginta
1048 3803 1193 3888 quatuor
1220 3794 1364 3867 sestaria
1451 3775 1458 3832 f

290 3929 325 3993 et
343 3926 471 4013 septem
486 3918 654 4013 ponerias.

211 4051 224 4065 ⁸¹
338 4074 424 4144 Item
438 4093 542 4142 unam
558 4071 723 4164 gallinam
743 4071 946 4143 censualem.
1052 4108 1057 4127 ι

340 4225 426 4295 Item
442 4231 512 4294 tres
525 4244 676 4294 anseres.
797 4294 799 4299 ,

340 4375 425 4446 ilem
444 4395 549 4444 unum
564 4373 769 4445 cuniculum.
