3308 5430
314 614 351 672 ⁴8
749 624 842 672 urrnu
863 624 942 672 usur

360 773 443 843 Item
467 770 570 841 habet
598 769 706 841 dictus
732 768 888 842 dominus
922 768 1190 863 archiepiscopus
1222 769 1259 841 in
1288 768 1378 841 dicto

310 897 381 967 loco
394 919 471 988 quoe
486 902 649 987 sequntur
662 918 722 988 per
736 895 900 967 ordinem.

358 1048 473 1119 Primo
494 1070 597 1118 unam
613 1049 734 1118 turrim
750 1047 926 1141 pulchram
944 1055 978 1119 et
1000 1047 1133 1119 sortem.

357 1202 441 1273 Item
467 1223 587 1270 cavam
607 1200 808 1271 fossatorum
837 1223 897 1273 seu
922 1200 1125 1272 vallatorum
1150 1198 1240 1271 circa
1254 1197 1377 1271 turrim

307 1348 383 1396 cum
397 1325 588 1397 arboribus,

356 1480 440 1549 Item
467 1501 571 1549 unum
596 1475 779 1569 hospitium
808 1499 885 1548 cum
911 1476 1035 1548 solario
1062 1498 1121 1570 pro
1148 1456 1308 1569 granerio
1340 1481 1377 1548 et

306 1601 458 1674 cellario.

355 1762 438 1831 Item
453 1784 557 1861 unum
572 1770 727 1853 pratum3
747 1761 827 1831 facit
843 1761 909 1830 tria
923 1761 1074 1832 sextaria
1094 1760 1270 1832 frumenti.

353 1911 437 1981 Itcm
458 1911 559 1981 habet
578 1911 623 1980 ibi
639 1911 765 1981 cridam
787 1919 820 1981 ct
839 1911 1039 2004 inquantum
1059 1917 1092 1983 et
1111 1910 1370 2003 banderagium.

353 2072 435 2141 Item
466 2072 707 2164 herberagimn
740 2073 876 2165 ripariae
900 2073 936 2141 in
962 2094 1027 2164 quo
1052 2072 1208 2142 dominus
1232 2070 1373 2143 arehie-

303 2196 455 2289 piscopus
473 2196 591 2289 recipit
612 2197 696 2267 (luas
719 2205 832 2289 partes
852 2205 886 2268 et
907 2197 1102 2268 Bernardus
1124 2196 1166 2267 de
1188 2196 1277 2268 Salis
1297 2203 1371 2268 ter-

303 2320 386 2391 tiam
406 2329 537 2414 partem
549 2343 568 2423 ;'
581 2344 659 2415 pars
673 2328 786 2393 autom
801 2322 927 2391 domini
942 2321 1182 2415 archiepiscopi
1198 2319 1372 2392 consuevit

303 2444 402 2516 vendi
420 2468 510 2516 anno
530 2445 679 2538 quolibet
698 2446 871 2518 duodecim
889 2446 945 2518 veI
966 2445 1156 2537 quindecim
1173 2445 1283 2516 Iibris.

350 2608 434 2676 Item
462 2606 565 2677 habet
593 2607 639 2677 ibi
670 2629 774 2676 unum
803 2607 939 2677 furnum
965 2630 1041 2676 cum
1069 2606 1222 2677 districtu
1247 2605 1284 2675 iu
1304 2627 1370 2698 quo

299 2730 453 2800 dominus
465 2730 733 2824 archiepiSeopus
750 2732 866 2823 recipit
880 2739 1011 2802 sextam
1026 2739 1157 2824 partem
1170 2738 1204 2803 et
1219 2732 1371 2803 Bernar-

299 2855 362 2925 dus
379 2855 420 2924 de
439 2855 528 2925 Salis
549 2857 697 2949 quinque
716 2864 840 2948 parton.

348 3017 432 3086 Item
451 3017 553 3088 habet
572 3041 677 3088 unum
702 3018 930 3088 molendinum
948 3041 1048 3110 aquae
1074 3017 1262 3089 districtum
1291 3042 1368 3090 cum

297 3140 462 3234 herbagio
495 3151 529 3214 et
564 3143 740 3214 arboribus
771 3142 858 3213 dicto
889 3142 1077 3213 molendino
1110 3142 1299 3235 contiguis,
1332 3144 1368 3215 in

297 3268 419 3361 quibus
449 3268 603 3339 dominus
631 3268 900 3360 archiepiscopus
930 3267 1048 3360 recipit
1076 3273 1208 3339 sertam
1235 3276 1366 3361 partem

296 3400 330 3464 et
348 3393 543 3463 Bernardus
562 3393 604 3464 de
627 3391 716 3463 Salis
740 3392 888 3486 quinque
908 3398 1032 3485 partes.

344 3554 428 3624 Item
459 3559 538 3623 sunt
567 3552 796 3624 interminali
826 3553 867 3623 de
894 3551 983 3624 Salis
1004 3552 1040 3622 in
1061 3551 1207 3622 dominio
1237 3552 1365 3624 domini

294 3677 533 3771 archiepiscopi
560 3685 632 3748 octo
653 3676 844 3749 molendina
869 3677 911 3748 de
937 3683 1038 3748 vento
1070 3676 1133 3746 sub
1158 3676 1365 3769 prestatione

293 3801 398 3873 annui
413 3825 533 3874 census
553 3803 611 3896 qui
631 3809 843 3896 computatur
864 3824 939 3871 cum
960 3800 1038 3872 aliis
1063 3800 1213 3872 usaticis

343 3966 425 4034 Item
445 3986 560 4034 omnes
578 3963 731 4036 homines
750 3963 791 4034 de
812 3963 901 4034 Salis
921 3961 1043 4033 debent
1069 3961 1204 4033 domino
1228 3961 1364 4034 archie-

233 4082 240 4091 “
291 4089 424 4184 piscopo
442 4089 552 4160 facere
567 4111 656 4158 anno
680 4088 829 4180 quolibet
850 4086 1055 4174 asinariarn;
1085 4092 1242 4158 tenentur
1270 4091 1362 4158 enim

290 4221 469 4308 apportare
509 4213 598 4305 apud
634 4212 831 4284 Narbonem
868 4211 911 4283 ad
949 4211 1110 4303 graneria
1142 4209 1269 4281 domini
1306 4211 1359 4281 sui
1424 4252 1429 4261 =

289 4337 530 4432 archiepiscopi
542 4343 650 4408 totum
663 4336 801 4408 bladum
815 4335 857 4410 de
871 4335 1021 4426 decimis,
1040 4334 1183 4428 tasquis,
1204 4331 1356 4424 usaticis,
