3308 5430
298 649 336 709 5⁰
744 664 835 711 ruvun
856 664 935 711 unns

345 807 485 878 Summa
498 806 590 878 ordei
609 809 758 880 omniurn
782 811 976 902 pentionum
996 811 1264 904 supradictarum
1282 836 1365 886 een-

294 939 367 1004 turn
404 933 546 1025 triginta
581 943 653 1004 octo
681 935 837 1024 sestaria,
858 935 1019 1026 eminam,
1054 936 1139 1009 duas
1159 939 1366 1032 poneriasot

298 1057 457 1129 mediam.

347 1211 487 1282 Summa
507 1210 569 1282 olei
578 1265 705 1285 ......

759 1416 912 1488 XXXIV

457 1588 540 1638 ITEM
564 1588 608 1638 DE
633 1588 799 1639 ECCLESHS
824 1590 976 1641 BAVlLtAE
1001 1590 1045 1640 DE
1070 1591 1208 1643 SEJAXO.

346 1737 517 1830 Sequatur
549 1737 700 1809 ecclesiae
730 1737 866 1809 baviliae
897 1738 938 1810 de
970 1738 1094 1832 Sejano
1126 1761 1203 1833 quae
1234 1739 1364 1812 iaciunt

296 1863 485 1952 pontionem
503 1885 592 1933 auno
611 1863 760 1955 quolibet
783 1863 918 1934 domino
946 1864 1195 1959 archiepiscopo
1223 1865 1362 1937 Narbo·

298 1986 393 2057 nensi
411 1990 446 2057 in
459 1987 618 2080 pecunia,
640 1995 739 2080 prout
758 1987 901 2059 interius
920 1989 1084 2082 sequitur.

346 2141 460 2212 Primo
480 2139 672 2212 ecclesiade
691 2140 809 2210 Palma
827 2141 1074 2234 quinquaginta
1095 2140 1217 2213 sohdos
1237 2147 1363 2213 turno-

299 2288 432 2339 nenses,

346 2420 430 2489 item
444 2415 584 2490 ecclesia
604 2417 645 2489 de
661 2417 759 2509 Rupe
783 2416 876 2487 Forti
899 2416 1079 2509 sexaginta
1102 2416 1224 2488 solidos
1240 2424 1364 2489 turno-

299 2564 433 2614 nenses.

345 2695 428 2765 Item
454 2693 594 2764 ecclesia
623 2694 664 2765 de
693 2692 847 2764 Omlihus
871 2691 1051 2785 sexaginta
1082 2691 1205 2765 solidos
1238 2700 1362 2764 turno-

297 2839 431 2888 nenses.

344 2970 428 3051 ltern
443 2968 582 3039 ecclesia
595 2967 708 3039 Sancti
729 2967 877 3039 Andreae
888 2967 929 3039 de
946 2969 1045 3060 Rupe
1065 2967 1186 3060 Longa
1200 2975 1234 3039 et
1245 2966 1361 3039 Sancti

296 3093 460 3187 Stephani
481 3093 544 3186 [de]
565 3095 766 3185 Agaussano
788 3092 910 3185 viginti
932 3092 1054 3164 solidos
1067 3100 1304 3164 turnonenses.

344 3246 427 3315 Item
446 3243 586 3315 ecclesia
605 3242 647 3313 de
668 3242 787 3314 Castro
812 3244 932 3314 Mauro
948 3250 1091 3335 quatuor
1109 3242 1215 3313 libras
1236 3249 1360 3313 turno-

297 3393 430 3441 nenses

345 3523 484 3593 Summa
510 3520 662 3612 pecuniae
687 3519 838 3590 omniurn
862 3519 1058 3612 pentionum
1092 3518 1359 3613 supradictarum

295 3648 511 3719 ecclesiarum
526 3645 639 3717 decern
654 3645 778 3733 libram,
799 3644 913 3716 decern
934 3643 1056 3714 solidos
1071 3650 1304 3716 turnonenses.
1397 3691 1401 3698 ·

756 3930 897 4002 XXXV

622 4106 665 4155 DE
690 4104 812 4156 EISDEM
838 4102 1018 4171 ECCLESIIS.
1122 4157 1125 4163 ,

340 4268 510 4359 Sequntur
529 4263 679 4336 ecclesiae
693 4261 831 4333 baviliae
848 4258 890 4330 de
909 4259 1033 4353 Sejano
1052 4258 1088 4327 in
1105 4257 1228 4349 quibus
1242 4253 1357 4324 dorni-

290 4417 354 4465 uus
380 4390 647 4484 archiepiscopus
670 4384 902 4459 Narbonensis
926 4383 1045 4476 recipit
1078 4403 1168 4453 anno
1204 4378 1377 4473 quolibet.
