3308 5430
532 627 573 674 nu
594 607 829 674 u’uncunvtunn
849 625 890 673 nn
910 623 1081 676 unnneuuu
1321 614 1359 676 93

751 797 902 869 LXXXI

697 998 741 1048 DE
761 998 944 1048 CABIRACO.

339 1158 499 1252 Sequitur
532 1157 623 1228 loeus
657 1155 700 1227 de
738 1155 899 1226 Cabirace
929 1155 986 1247 qui
1016 1161 1069 1226 est
1100 1161 1191 1227 totus
1229 1156 1355 1228 domini

290 1283 530 1377 archiepiseepi
546 1281 777 1353 Narbonensis
802 1304 879 1352 eum
906 1279 1098 1356 omnimoda
1124 1281 1359 1374 jurisdictione

290 1409 361 1481 alta
393 1415 427 1480 et
461 1409 560 1479 bassa
591 1414 626 1478 et
658 1429 751 1478 mero
778 1428 823 1491 ac
859 1405 964 1476 miste
993 1406 1135 1500 imperio
1168 1415 1202 1478 et
1237 1406 1356 1499 primis

290 1531 588 1627 appellationibus⁰

339 1685 422 1755 Item
442 1683 544 1752 habet
561 1681 716 1752 deminus
730 1680 1000 1775 archiepiscopus
1020 1682 1054 1753 in
1079 1682 1167 1753 dieto
1187 1682 1258 1754 leoo
1279 1707 1357 1777 quae

289 1814 453 1900 sequntur
482 1829 542 1900 per
571 1805 736 1878 ordinem.

340 1959 454 2029 Primo
485 1959 520 2028 in
552 1959 694 2051 pecunia
728 1957 770 2030 de
801 1980 904 2030 censu
941 1959 1167 2052 quadraginta
1210 1961 1358 2054 quinque

291 2082 426 2155 solides.
1252 2109 1255 2112 ’

340 2235 424 2306 Item
449 2233 490 2304 de
515 2232 684 2304 frumento
715 2256 820 2304 unum
845 2232 1036 2305 sestarium.

341 2377 425 2447 Item
451 2375 492 2447 de
521 2397 664 2446 arraone
692 2375 841 2467 quinque
871 2375 1025 2447 sestaria.

339 2519 423 2590 Item
453 2540 557 2590 unam
589 2518 766 2610 gallinam.

340 2661 424 2733 Item
448 2660 585 2754 agreria
616 2659 652 2730 in
681 2660 806 2750 blada,
835 2661 914 2731 vino
938 2666 973 2731 et
999 2660 1109 2731 olivis.

339 2804 424 2875 Item
453 2803 632 2896 foriseapia
661 2810 697 2874 et
723 2801 897 2873 laudimia.

339 2957 424 3027 Item
444 2955 572 3026 curiam
594 2955 811 3049 temporalem
830 2977 907 3025 cum
926 2955 1092 3045 annexis,
1116 2954 1243 3026 scilieet
1261 2977 1357 3025 eem-

291 3081 511 3173 pesitionibus
540 3092 574 3151 et
597 3079 760 3152 emendis,

340 3232 424 3303 Item
454 3231 633 3302 notariam.

341 3384 425 3455 Item
439 3406 556 3454 omnes
571 3384 725 3456 homines
744 3383 823 3455 dicti
842 3384 904 3454 leci
926 3389 1084 3455 tenentur
1098 3382 1209 3453 facere
1223 3381 1357 3453 domine

291 3529 351 3578 sue
385 3508 662 3601 archiepiscopo,
696 3508 731 3578 in
764 3509 914 3580 novitate
945 3516 1066 3579 suaet
1100 3507 1203 3578 toties'
1227 3507 1358 3599 quoties

292 3630 436 3703 veluerit
448 3688 458 3722 ‚
488 3641 735 3705 sacramentum
759 3633 945 3704 fidelitatis.

742 3890 910 3961 LXXXII

530 4091 574 4140 DE
599 4090 757 4141 BRENACO
783 4092 827 4141 ΕΤ
852 4091 896 4141 DII
920 4091 1111 4142 FOURUCTZ.

340 4254 511 4346 Sequetur
539 4255 611 4326 Inoa
635 4256 677 4326 de
706 4256 857 4326 Brenaee
885 4264 919 4327 et
937 4255 979 4326 de
1001 4255 1167 4326 Feuructz
1184 4253 1357 4346 inquibus

292 4379 372 4450 locis
400 4378 554 4450 deminus
583 4379 852 4474 archiepiseopus
873 4378 1103 4451 Narbonensis
1130 4377 1233 4450 habet
1251 4384 1356 4448 totam
