3308 5430
773 620 867 671 ulvas
888 622 968 673 veui·

796 876 950 949 XXVIII

751 1127 795 1179 un
820 1126 1000 1178 PETRIACO.

385 1367 546 1461 Sequitur
582 1364 674 1437 locus
707 1364 749 1436 de
786 1362 940 1436 Petrisco
974 1363 1032 1457 qui
1065 1372 1115 1436 esl
1153 1372 1242 1436 totus
1276 1364 1403 1438 domiui

334 1490 575 1586 archiepiscopi
596 1488 844 1578 Narbonensis,
867 1513 944 1561 cum
962 1488 1153 1562 omnimoda
1168 1488 1403 1585 jurisdictione

335 1614 406 1688 alta
421 1622 455 1687 et
468 1614 568 1687 bassa
582 1621 617 1686 et
632 1634 725 1686 mero
744 1636 784 1685 ac
799 1612 905 1684 mixto
920 1612 1061 1708 imperio
1085 1635 1126 1685 ac
1143 1613 1262 1709 primis
1281 1614 1403 1709 appel-

335 1738 535 1826 lationibuS‚
564 1746 599 1809 et
623 1736 833 1831 protenditur
856 1736 1041 1809 iurisdictio
1059 1738 1138 1810 dicti
1164 1738 1267 1810 castri
1296 1760 1403 1832 usque

333 1861 377 1934 ad
392 1862 464 1933 loca
476 1860 517 1933 de
532 1861 657 1933 Sancta
671 1861 828 1953 Eugenia
838 1868 873 1933 et
886 1860 928 1932 de
943 1860 1138 1934 Fraxinello
1155 1863 1273 1934 Fontis
1284 1861 1403 1955 Frigi-

334 1986 393 2076 di,
411 1986 447 2057 in
466 1986 589 2080 quibus
605 1986 735 2058 duobus
753 1987 833 2058 locis
851 1986 1118 2059 habetdominus
1132 1986 1403 2083 archiepiscopus

333 2110 558 2183 omnimodam
582 2110 873 2205 jurisdictionem,
897 2134 1027 2183 merum
1057 2134 1097 2184 ac
1120 2112 1266 2184 mixtum
1288 2113 1401 2207 impe-

333 2260 436 2309 num.

383 2392 467 2462 Item
485 2389 641 2461 dominus
657 2388 926 2484 archiepiscopus
951 2389 1055 2463 habet
1079 2390 1116 2461 in
1129 2388 1216 2463 dicto
1231 2389 1303 2462 loco
1323 2413 1401 2485 quse

333 2522 497 2610 sequntur
517 2513 759 2608 perordinem.

382 2666 497 2738 Primo
512 2673 661 2737 castrum
679 2688 778 2737 suum
795 2665 980 2761 proprium.

381 2819 466 2889 Item
496 2817 599 2889 habet
628 2818 719 2888 infra
743 2825 891 2889 castrum
919 2819 1106 2912 cappellam
1136 2820 1222 2890 hene
1250 2819 1401 2891 dotatam

330 2941 476 3028 redditu,
494 2941 649 3013 dominus
665 2942 935 3037 archiepiscopus
951 2943 1051 3015 debet
1061 2945 1192 3016 solvere
1205 2945 1401 3039 cappellano

331 3068 388 3162 qui
406 3067 554 3139 deservit
574 3068 736 3162 cappellae
751 3068 905 3141 videlicet
923 3076 1057 3140 tantum
1076 3075 1111 3141 et
1128 3069 1283 3142 dominus
1298 3069 1399 3142 Stro-

331 3195 407 3290 pius
421 3193 550 3266 confert
567 3193 675 3265 illam.

379 3347 464 3418 Item
495 3345 536 3416 de
568 3344 666 3417 bledo
696 3345 821 3438 viginti
851 3344 995 3416 sestaria
1022 3344 1202 3434 frumenti,
1240 3351 1274 3416 et
1305 3346 1398 3418 ordei

331 3470 455 3564 viginti
470 3477 556 3542 octo.

379 3622 463 3693 Item
478 3620 520 3692 de
537 3620 616 3691 vino
635 3620 814 3692 octodecim
834 3621 977 3692 sestaria
991 3619 1185 3693 vindemiae.

379 3772 463 3842 Item
485 3771 520 3840 in
531 3752 678 3865 'pecunia
692 3771 777 3843 duas
795 3771 913 3843 libras.

376 3933 460 4004 Item
480 3931 584 4004 habet
598 3932 753 4004 dominus
771 3931 1041 4027 archiepiscopus
1054 3932 1090 4003 in
1102 3931 1174 4006 loco
1186 3932 1229 4005 de
1242 3933 1398 4006 Petriaco

328 4059 412 4131 duos
444 4058 561 4128 furnos
591 4058 742 4152 proprios
779 4079 856 4128 cum
885 4055 1057 4145 dictrictu,
1101 4058 1225 4131 debent
1259 4058 1397 4152 decoqui

330 4183 484 4256 homines
503 4183 582 4255 dicti
603 4183 666 4255 loci
687 4183 730 4254 ad
745 4183 949 4275 vigesimum
969 4190 1128 4276 quartum
1143 4206 1277 4279 panem.

379 4337 464 4409 Item
481 4335 586 4408 habet
605 4357 711 4406 unum
728 4340 889 4428 stagnum
910 4341 1066 4408 vocatum
1086 4333 1207 4408 Pude.
