3308 5430
477 643 517 689 uu
538 624 774 691 n'nncuuvhcurt
795 641 835 689 un
856 640 1025 692 nannenus
1246 630 1285 692 39

265 792 350 863 Item
359 784 463 861 habet
471 787 659 882 terragium
669 788 742 861 sive
753 794 847 860 staca
856 789 1036 861 barcarum
1046 790 1119 862 sive
1129 790 1281 862 navium.

265 944 350 1015 Item
364 942 468 1014 hahet
485 940 612 1013 cridam
627 947 661 1014 et
677 941 892 1034 inquantum.

266 1094 350 1165 Item
359 1093 473 1164 banna
482 1091 523 1164 de
533 1091 657 1186 Sejauo
666 1099 745 1163 sunt
755 1092 1017 1178 communitatis,
1034 1093 1092 1165 sed
1103 1093 1284 1167 banderius

216 1217 315 1291 debet
330 1218 451 1313 jurare
468 1217 503 1287 in
525 1240 647 1288 manus
660 1216 787 1288 domini
805 1217 1059 1312 archiepiscopi.

266 1371 353 1442 Item
372 1365 475 1441 habat
493 1370 649 1441 dominus
671 1367 940 1464 archiepiscopus
961 1369 997 1440 in
1018 1370 1088 1441 loco
1103 1370 1144 1441 de
1161 1370 1285 1464 Sejano

217 1495 358 1568 vetitum
394 1494 466 1566 vini
499 1518 561 1588 per
601 1517 662 1566 sex
702 1517 850 1581 menses3
883 1495 963 1566 data
991 1502 1043 1567 est
1076 1494 1119 1566 ad
1158 1518 1283 1566 novum

215 1621 403 1715 aocapitum
421 1618 653 1692 communitati
667 1619 710 1690 ad
725 1619 868 1713 triginta
882 1621 1039 1692 florenos,

264 1772 348 1843 Item
363 1771 635 1865 quotiescumque
649 1770 791 1863 contigit
805 1769 893 1862 quod
905 1770 1045 1841 ecclesia
1062 1771 1285 1864 parrochialis

214 1895 329 1967 Sancti
342 1895 466 1968 Felicis
477 1896 519 1968 (16
531 1896 655 1967 Seiano
665 1903 847 1965 renovatur
858 1917 944 1965 novo
955 1903 1097 1984 rectore,
1116 1895 1285 1990 predictus

216 2027 324 2092 166161
342 2026 475 2092 tenetur
496 2020 627 2092 solvere
647 2018 781 2090 domino
799 2019 1048 2113 archiepiscopo
1070 2020 1285 2092 Narbonensi

217 2167 277 2238 pro
288 2145 465 2238 foriscapio
476 2145 640 2216 bonorum
650 2145 823 2237 regarium
835 2144 962 2216 cessale
972 2146 1140 2238 quondam
1150 2147 1285 2217 nomine

215 2268 416 2362 cappellanii
434 2291 495 2363 per
509 2267 682 2340 dominum
695 2267 923 2361 Brengarium
940 2268 1083 2362 triginta
1103 2269 1283 2340 solidorum

215 2393 487 2464 turnonensium.

267 2545 351 2616 Item
371 2545 470 2616 toties
485 2544 615 2638 quoties
631 2544 812 2636 contigerit
835 2544 1009 2616 ecclesiam
1028 2545 1285 2618 Narbonensem

218 2669 407 2764 [renovari]
424 2677 558 2763 pastore
572 2670 823 2741 communitatis
842 2670 944 2741 castri
956 2671 997 2742 de
1013 2671 1136 2743 Seiano
1150 2655 1299 2744 tenetur¹

217 2793 349 2865 solvero
362 2793 497 2864 domino
527 2793 774 2888 archiepiscopo
798 2803 833 2865 et
856 2796 981 2887 pastori
1007 2819 1068 2888 pro
1094 2796 1192 2868 domo
1207 2821 1284 2890 quoe

215 2926 267 2990 est
294 2919 331 2989 in
358 2919 471 3012 platea
498 2919 661 3012 superiori
681 2920 812 2990 ratione
836 2919 1005 3013 foriscapii
1026 2922 1125 2992 (116166
1145 2922 1280 3010 domne,

213 3041 328 3114 decem
349 3043 471 3113 solidos
485 3049 720 3116 tur-nonenses.

262 3194 348 3264 Item
378 3193 652 3287 quotiescumque
678 3195 858 3287 contigerit
892 3196 1008 3267 venire
1043 3197 1083 3269 de
1122 3221 1208 3268 novo
1240 3198 1283 3269 ad

214 3325 362 3388 castrum
379 3316 422 3387 de
437 3317 560 3388 Seiano
575 3319 724 3411 aliquem
744 3319 877 3390 fabrum
887 3375 896 3409 ‚
918 3321 946 3391 si
972 3321 1054 3392 velit
1070 3321 1117 3391 ihi
1140 3328 1231 3394 stare
1249 3331 1283 3393 et

213 3441 432 3513 residentiam
451 3442 575 3532 t'acere,
591 3451 725 3515 tenetur
740 3445 869 3516 solvere
885 3446 1017 3516 domino
1035 3446 1283 3542 archiepiscopo

213 3567 427 3669 Narbonensi
442 3591 503 3660 pro
522 3591 585 3639 sua
611 3569 739 3640 intrata
753 3569 864 3641 decem
882 3571 1004 3642 solidos
1021 3579 1254 3644 turnouenses

264 3730 349 3799 Item
380 3729 654 3822 quotiescumque
681 3729 861 3823 contigerit
893 3731 1066 3802 dominum
1096 3733 1283 3827 archiepis·

212 3875 331 3947 oopum
346 3854 462 3924 venire
477 3853 520 3924 ad
538 3862 686 3924 castrum
704 3878 804 3925 suum
821 3855 862 3926 (16
887 3856 1028 3949 Sejan0,
1057 3881 1173 3930 omnes
1194 3858 1283 3930 fabri

212 3977 293 4050 dicti
307 3977 410 4049 castri
425 3978 564 4049 insimul
585 3985 743 4051 tenentur
764 3981 894 4052 solvere
919 3981 982 4051 sibi
1009 3990 1152 4074 quatuor
1176 3984 1284 4054 ferros

212 4103 290 4196 equi
311 4127 388 4174 cum
407 4103 512 4175 clavis
531 4105 746 4194 necessariis,
768 4112 802 4175 et
820 4106 847 4175 si
877 4106 945 4176 sint
968 4107 1082 4199 plures
1100 4109 1189 4179 fabri
1216 4132 1282 4179 non

212 4238 371 4302 tenentur
389 4230 464 4323 plus
479 4230 626 4317 solvere3
642 4239 676 4302 et
691 4231 720 4301 si
735 4254 802 4302 non
820 4240 871 4303 est
880 4232 945 4303 nisi
957 4257 1057 4322 unus,
1076 4234 1134 4305 ille
1149 4241 1283 4305 tenetur

214 4361 323 4427 totum
343 4356 476 4428 solvere
494 4361 528 4427 61
546 4378 634 4428 unus
645 4377 762 4428 eorum
780 4362 915 4429 tenetur
933 4357 976 4429 ad
990 4358 1116 4430 dictum
1133 4365 1281 4430 castrum
