3308 5430
532 636 572 683 ou
593 617 827 686 u'tucuurtcui
848 637 888 684 nn
908 634 1079 685 uuuuouun
1319 623 1359 685 75

340 782 424 852 Item
450 781 487 852 in
516 781 604 854 dicto
617 782 690 854 loco
710 781 865 877 [debent]
893 804 967 897 esse
993 782 1106 877 plures
1129 805 1250 856 census
1261 837 1271 874 ,
1303 782 1361 856 sed

290 905 542 1002 mmmm.

796 1139 860 1210 LX

717 1365 760 1416 DE
785 1364 930 1417 PASANO.

340 1547 499 1642 Sequitur
524 1548 616 1620 locus
634 1548 675 1620 de
697 1549 830 1620 Pasano
849 1547 906 1641 qui
925 1558 976 1620 est
991 1556 1082 1620 totus
1096 1548 1222 1620 domini
1238 1548 1358 1620 archi-

291 1673 435 1768 episcopi
454 1674 704 1762 Narbonensis,
731 1697 808 1744 cum
827 1673 1019 1745 omnimoda
1035 1672 1269 1767 jurisdictione
1290 1674 1361 1745 alta

292 1806 327 1873 et
347 1799 448 1869 bassa
475 1806 509 1870 ct
528 1821 680 1871 mercae
705 1798 811 1870 mixto
838 1799 979 1892 imperio
1006 1806 1040 1870 ct
1064 1798 1183 1891 primis
1203 1799 1361 1893 appella-

293 1923 454 1996 tionibus.

341 2075 425 2146 ltem
443 2073 547 2146 habet
562 2073 598 2144 in
614 2072 702 2145 dicto
719 2073 792 2146 loco
807 2095 884 2166 quae
905 2080 1069 2166 sequntur
1083 2097 1143 2169 per
1154 2073 1317 2146 ordinem.

340 2225 456 2297 Primo
470 2231 620 2297 castrum
634 2225 806 2320 proprium
825 2249 901 2297 cum
921 2249 990 2298 una
1008 2226 1108 2298 turri.

340 2380 425 2450 Item
449 2377 554 2449 habet
567 2377 603 2447 iu
625 2376 713 2448 dicto
728 2377 799 2449 loco
817 2378 931 2450 decem
950 2378 1058 2472 petias
1074 2386 1176 2450 terrae
1190 2377 1360 2472 patrimo-

295 2501 404 2574 niales
417 2523 495 2594 quae
506 2510 670 2574 vocantur
684 2501 906 2590 condaminae;
925 2504 1063 2574 fuerunt
1077 2502 1167 2574 datae
1178 2503 1222 2574 ad
1235 2526 1362 2575 novum

291 2627 479 2720 accapitum
493 2626 627 2697 domino
643 2627 792 2698 Antonio
807 2628 923 2721 Tange
943 2629 1005 2699 sub
1020 2651 1123 2699 censu
1138 2629 1292 2701 annuali.

341 2779 426 2851 Item
441 2801 547 2850 unum
562 2778 803 2850 molendinum.

340 2932 424 3002 Item
454 2954 570 3002 omnes
604 2929 758 3001 homines
787 2929 866 3000 dicti
902 2930 965 3001 loci
1003 2932 1167 3003 habentes
1199 2932 1362 3003 animalia

292 3062 449 3126 tenentur
464 3056 575 3127 facere
593 3055 728 3126 domino
753 3078 813 3126 suo
832 3055 1080 3149 archiepiscopo
1104 3057 1252 3150 quolibet
1272 3079 1361 3127 anno

291 3179 456 3272 duplicem
470 3179 638 3267 boeriam,
663 3202 767 3250 uuum
783 3179 917 3271 jornale
933 3180 969 3249 in
983 3179 1191 3250 condaminis
1209 3181 1252 3251 ad
1271 3181 1361 3272 ipsas

291 3303 501 3375 cultivaudas
515 3311 549 3373 et
568 3304 660 3374 aliud
676 3304 711 3374 in
730 3327 812 3375 area
827 3304 869 3374 ad
884 3304 1020 3375 bladum
1034 3304 1282 3375 excutiendum.

342 3456 426 3526 ltem
441 3477 558 3526 omnes
569 3455 724 3526 homiues
733 3454 791 3547 qui
804 3477 871 3525 non
887 3455 1014 3526 habent
1025 3455 1187 3526 animalia
1202 3462 1361 3528 tenentur

291 3600 396 3649 unum
417 3577 548 3649 iornale
568 3578 669 3648 tertia
683 3577 738 3649 die
756 3585 831 3670 post
847 3578 1104 3650 Penthecostcm
1118 3579 1162 3650 ad
1175 3579 1360 3651 curandum

292 3726 406 3775 recum
427 3702 624 3774 molendini.

342 3856 426 3926 ltem
437 3854 571 3948 quando
581 3854 810 3926 molendinum
821 3854 950 3947 indiget
965 3855 1063 3926 molis
1077 3877 1193 3927 omnes
1207 3856 1361 3928 homines

290 3979 370 4050 dicti
391 3980 453 4050 loci
475 3987 633 4052 tenentur
654 3980 697 4051 ad
723 3979 964 4072 aportandum‚
988 3980 1142 4051 dominus
1169 3981 1359 4075 archiepis-

289 4126 391 4198 copus
417 4110 551 4176 tenetur
569 4105 681 4177 facere
701 4104 902 4198 supradictis
923 4105 1117 4178 hominibus
1141 4129 1306 4200 expensas
1324 4108 1359 4178 in

292 4229 366 4300 cibo
386 4235 421 4301 et
434 4237 527 4323 potu.

343 4380 427 4451 Item
440 4379 543 4451 habet
557 4379 689 4452 indicto
700 4382 770 4453 loco
782 4381 896 4453 banna
909 4390 943 4453 et
957 4382 1158 4475 inquantum
1170 4391 1205 4456 ot
1218 4382 1358 4457 cridam.
