3308 5430
538 615 578 660 nu
598 596 834 662 u'racunrdcun
849 573 894 659 'nn
915 611 1086 661 urrunnun
1308 600 1366 663 tes

295 731 451 830 tenentur
487 758 598 830 sacere
626 757 668 830 de
694 757 844 851 quolibet-
871 757 1017 850 hospitio
1037 781 1142 830 unum
1167 756 1301 850 jornale
1331 759 1367 829 in

292 907 373 956 area
398 883 622 976 garbeiandO,
649 882 848 955 excutiendo
870 883 1006 953 bladum
1023 882 1077 954 vel
1102 882 1220 971 aliter,
1242 893 1277 955 et
1300 883 1365 955 do-

293 1007 405 1078 minus
422 1017 555 1078 tenetur
573 1006 616 1077 ad
637 1029 821 1099 expensas,
843 1012 882 1076 ut
901 1028 1016 1098 supra.

342 1174 426 1246 Item
449 1173 634 1245 asinariam
646 1195 656 1261 ;
685 1196 802 1245 omnes
820 1172 974 1244 homines
992 1172 1071 1243 dicti
1109 1173 1170 1244 loci
1200 1173 1366 1246 habentes

294 1299 457 1370 animalia
487 1308 645 1370 tenentur
676 1306 821 1392 portare⁴
848 1297 983 1368 domino
1015 1320 1075 1368 suo
1117 1296 1366 1393 archiepiscopo

295 1423 443 1516 quolibet
463 1447 552 1494 anno
579 1422 669 1516 apud
697 1422 894 1494 Narbonam
924 1428 1031 1492 totum
1061 1422 1197 1493 bladum
1222 1423 1264 1494 de
1294 1429 1367 1495 tas-

294 1547 369 1640 quis
379 1603 388 1637 ,
419 1548 558 1620 decimis
570 1571 609 1618 ac
625 1548 775 1636 usaticis,
803 1546 890 1638 quod
906 1546 1046 1639 percipit
1066 1546 1222 1618 dominus
1244 1547 1365 1619 archi-

293 1672 466 1765 episcopus
483 1673 518 1742 in
539 1680 649 1744 castro
664 1680 698 1743 et
719 1670 955 1742 terminalibus
975 1670 1016 1742 de
1031 1670 1181 1761 Caneto,
1202 1687 1236 1742 et
1250 1671 1364 1742 domi-

293 1818 358 1866 nus
397 1796 666 1891 archiepiscopus
705 1803 841 1875 tenetur
874 1796 984 1866 facere
1030 1796 1119 1888 apud
1168 1796 1366 1867 Narbonam

293 1921 486 1992 hominibus
519 1921 627 1992 solum
648 1921 705 2014 qui
732 1928 895 2013 sequntur
923 1920 1103 2008 animalia,
1135 1943 1300 2014 expensas
1331 1920 1366 1991 in

293 2045 368 2116 cibo
387 2055 421 2116 et
438 2054 531 2139 potu.

343 2206 427 2276 Item
453 2228 569 2277 omnes
596 2206 749 2278 homines
772 2205 852 2276 dicti
879 2205 940 2276 loci
963 2212 1120 2276 tenentur
1138 2212 1295 2298 aportare
1323 2205 1364 2276 de

293 2352 373 2400 area
395 2331 437 2400 ad
451 2331 612 2423 granerio
632 2330 756 2401 domini
777 2330 1015 2422 archiepiscopi
1031 2353 1107 2401 curn
1123 2353 1238 2400 eorum
1257 2331 1362 2401 saccis

295 2462 329 2525 et
348 2455 497 2526 cabassis
515 2463 622 2526 totum
638 2456 774 2526 bladum
797 2455 838 2526 de
858 2455 986 2526 decima
1007 2463 1041 2525 et
1062 2456 1204 2546 tesquis

343 2624 425 2694 ltem
444 2646 560 2694 omnes
589 2623 743 2694 homiues
761 2623 840 2693 dicti
867 2622 930 2692 loci
952 2632 1111 2694 tenentur
1140 2628 1296 2715 aporiare
1321 2620 1364 2692 ad

291 2745 466 2816 cellarium
495 2746 621 2816 domini
653 2747 892 2840 archiepiscopi
924 2755 1029 2817 totam
1073 2746 1277 2818 vindemiam
1321 2745 1364 2815 ad

290 2869 463 2940 dominum
481 2870 767 2965 archiepiscopum
782 2872 1025 2964 pertinentem,
1052 2894 1168 2942 eorum
1189 2872 1360 2966 expensis.

341 3036 424 3105 Item
445 3058 561 3105 omnes
581 3035 734 3106 homines
748 3035 828 3105 dicti
847 3035 910 3105 loci
936 3040 1092 3105 tenentur
1118 3034 1229 3104 facere
1250 3033 1363 3104 oleum

292 3161 327 3230 in
363 3159 554 3230 molendino
591 3158 758 3229 olivarum
793 3159 919 3230 domini
958 3159 1010 3229 sui
1054 3157 1295 3251 archiepiscopi
1330 3165 1365 3229 et

289 3283 412 3354 debent
430 3284 510 3354 darc
522 3307 581 3375 pro
595 3283 745 3376 qualibet
758 3283 863 3353 cauda
881 3284 945 3354 olei
962 3306 1022 3353 sex
1039 3281 1208 3369 denarios,
1222 3304 1359 3374 semper

291 3413 325 3479 et
346 3431 412 3477 non
441 3407 517 3500 plus
542 3431 603 3478 nec
624 3407 749 3496 minus,
772 3414 806 3478 et
823 3430 899 3478 ossa
926 3407 1093 3478 olivarum
1127 3412 1206 3475 sunt
1233 3403 1360 3475 domini

291 3532 546 3625 archiepiscopi.

341 3694 424 3763 ltcm
443 3692 575 3784 quando
598 3695 695 3764 navis
714 3693 754 3764 de
772 3693 898 3763 Caneto
928 3693 967 3762 fit
993 3691 1034 3762 de
1055 3714 1141 3762 novo
1171 3690 1240 3762 vel'
1259 3711 1363 3782 repa-

292 3826 406 3905 ratur,
430 3840 546 3887 omnes
575 3818 729 3888 homines
749 3817 789 3888 de
817 3818 943 3888 Caneto
971 3816 1095 3888 debent
1124 3839 1221 3904 earn,
1246 3836 1363 3887 eorum

288 3943 464 4035 expensis,
481 3942 661 4014 extrahere
679 3942 720 4014 de
738 3964 826 4034 aqua
841 3950 876 4013 et
890 3941 1047 4013 reducere
1062 3941 1098 4010 in
1118 3963 1255 4033 aquam.

340 4103 423 4173 ltem
433 4103 475 4189 si,
487 4111 622 4195 propter
633 4102 868 4172 inundantiam
880 4124 1059 4194 aquarum,
1073 4102 1172 4171 navis
1187 4104 1362 4171 remaneat

291 4249 395 4318 supra
415 4234 554 4315 terram,
569 4227 720 4320 praedicti
736 4226 890 4297 homines
903 4234 1061 4319 tenentur
1075 4248 1150 4297 eam
1165 4247 1279 4297 eorum
1299 4246 1364 4294 ex-

291 4351 407 4444 pensis
426 4351 603 4443 inaquam
625 4352 795 4424 reducere.
