3308 5430
529 591 569 637 nu
590 571 826 637 u’nucunutcun
846 589 887 634 un
907 586 1078 636 unuuuuuu
1300 574 1353 635 tu

341 739 424 807 Item
443 736 583 808 ecclesia
597 707 639 806 de
656 735 775 806 Castro
793 736 890 806 Novo
905 734 1132 828 quadraginta
1147 733 1282 806 solidos.

340 891 424 960 Item
442 887 582 960 ecclesia
595 887 637 959 de
650 887 784 982 Canoys
805 887 1032 980 quadraginta
1051 886 1187 959 solidos,

339 1042 423 1112 Item
467 1039 608 1113 ecclesia
656 1040 698 1110 de
747 1040 994 1133 Gatpazenchis
1042 1038 1166 1132 viginti
1212 1038 1359 1133 quinque

291 1165 427 1237 solidos,

339 1317 423 1387 Item
444 1315 584 1387 ecclesia
601 1315 643 1386 de
661 1313 809 1386 Camone
824 1338 883 1386 sex
903 1315 1039 1386 solidos,

340 1467 423 1538 Item
437 1467 577 1538 ecclesia
597 1465 639 1537 de
658 1466 781 1536 ViIIari
794 1466 835 1537 de
851 1466 954 1537 Portu
971 1465 1160 1559 quindecim
1180 1469 1316 1542 solidoa

339 1618 423 1688 Item
438 1618 579 1688 ecclesia
592 1617 634 1688 de
652 1618 824 1689 Parasano
843 1619 967 1711 viginti
983 1618 1131 1712 quinque
1146 1619 1281 1690 solidos,

339 1770 422 1840 Item
466 1768 606 1840 ecclesia
662 1769 776 1840 Sancti
825 1769 966 1840 Martini
1019 1769 1061 1842 de
1103 1771 1193 1840 'Iona
1215 1770 1359 1864 triginta

289 1892 425 1964 solidos.

339 2045 423 2115 Item
441 2026 580 2115 ecclesia
595 2044 636 2115 de
656 2044 848 2137 Argenchis
868 2045 1057 2137 quindecim
1072 2045 1207 2116 solidum

338 2196 422 2266 Item
440 2196 580 2266 ecclesia
594 2195 635 2266 de
659 2194 809 2267 Redorta
833 2198 1013 2290 sexaginta
1037 2206 1109 2269 octo
1133 2198 1266 2288 solidos,
1285 2207 1358 2270 octo

289 2318 457 2392 denarios.
1310 2302 1316 2322 ⁰

338 2474 423 2542 Item
437 2472 577 2543 ecclesia
602 2473 715 2544 Sancti
739 2474 830 2545 Petri
846 2474 887 2546 de
907 2475 1118 2546 Taxionibus
1143 2475 1266 2568 viginti
1288 2483 1358 2546 tres

290 2595 434 2684 solides,
455 2606 598 2689 quatuor
618 2597 785 2669 denarios.

750 2909 899 2980 CXXXI

451 3136 493 3184 DE
519 3134 796 3185 DEFFALGATIONE
821 3135 1192 3186 ARRENDAMENTORUM.

337 3326 617 3418 Quotiescumque
641 3326 794 3397 facienda
818 3336 869 3398 est
898 3326 1088 3398 deffalcatic
1109 3327 1356 3399 amendamen-

291 3459 426 3538 tonum,
448 3473 507 3542 pro
532 3459 731 3543 tempestate
757 3474 816 3522 seu
835 3452 1032 3544 cavalgata,
1061 3451 1213 3523 facienda
1242 3459 1294 3523 est
1320 3461 1358 3522 ut

290 3573 446 3666 sequitur
463 3599 470 3643 :

341 3725 406 3795 Pro
429 3725 569 3795 sestario
585 3725 764 3815 frumenti,
789 3726 937 3819 quinque
957 3727 1090 3799 solidos.

340 3877 407 3948 Pro
429 3876 569 3947 sestario
587 3877 697 3966 ordei,
717 3877 801 3948 duos
816 3878 956 3966 solidos,
975 3900 1034 3949 sex
1055 3877 1222 3948 denarios.

340 4027 406 4097 Pru
420 4028 561 4099 sestario
579 4049 718 4115 avenae,
739 4027 822 4098 duos
837 4028 959 4099 solidos

341 4177 406 4246 Pro
424 4178 533 4247 modio
553 4178 623 4247 vini
634 4233 643 4266 ‚
669 4179 792 4271 viginti
812 4180 934 4251 solidos
1038 4188 1136 4259 bonae
1157 4196 1314 4260 monem.

341 4328 405 4396 Pro
426 4330 567 4399 sestario
585 4329 671 4417 olei,
693 4331 816 4423 viginti
836 4330 958 4403 solidos
