3308 5430
301 637 359 698 tto
751 647 843 695 nrvnn
864 647 945 694 vnnr

347 797 429 868 ltem
463 795 565 866 habet
610 794 656 864 ibi
710 816 815 865 unum
855 793 1082 865 molendinum
1117 802 1271 867 vocatum
1308 796 1370 868 del

297 924 440 1014 Niprc,
476 920 578 990 situm
603 920 638 989 in
658 919 806 989 Limosio
827 919 861 988 in
888 918 992 1017 fluvio
1013 920 1148 1010 Atassis
1174 920 1237 992 sub
1261 921 1368 1014 juris·

298 1047 444 1117 dictione
463 1045 576 1136 regia,
598 1042 686 1136 quod
704 1051 873 1114 tenetura
891 1042 1026 1114 domino
1037 1044 1287 1139 archiepiscopo
1305 1046 1369 1118 sub

297 1170 422 1241 directo
436 1169 583 1240 dominio
603 1177 637 1240 et
655 1167 860 1261 prestatione
877 1167 982 1239 annui
1009 1191 1129 1240 census
1148 1224 1157 1258 ,
1190 1169 1249 1241 sed
1272 1192 1368 1241 com·

298 1303 436 1389 putatur
454 1295 611 1387 superius
626 1315 702 1364 cum
720 1292 798 1363 aliis
818 1293 987 1364 censibus

794 1550 871 1622 CIX

715 1777 758 1826 DE
784 1776 955 1828 PlNClANO.

346 1961 505 2055 Sequitur
539 1961 631 2031 locus
671 1958 712 2030 de
748 1959 910 2031 Pinciano
943 1959 1000 2053 qui
1034 1968 1086 2031 est
1112 1968 1202 2031 totus
1237 1958 1364 2030 domini

296 2086 536 2179 archiepiscopi
562 2084 793 2156 Narbonensis
817 2107 893 2154 cum
922 2083 1113 2155 omnimoda
1129 2082 1365 2177 jurisdictione

296 2211 367 2282 alta
393 2217 427 2281 et
459 2211 558 2280 bassa
595 2217 629 2279 et
668 2231 760 2279 mero
794 2231 834 2278 ac
866 2208 972 2279 mixto
1009 2207 1149 2302 imperio
1178 2214 1212 2280 et
1244 2206 1363 2301 primis

296 2333 592 2430 appellationibus.

343 2489 427 2557 ltem
446 2485 548 2556 habet
566 2485 601 2553 in
619 2484 706 2554 dicto
720 2485 791 2554 loco
806 2506 883 2575 quae
903 2491 1067 2576 sequntur
1083 2507 1143 2577 per
1163 2483 1329 2556 ordinem.
1376 2562 1378 2566 μ

345 2637 460 2706 Primo
488 2649 636 2706 castrum
666 2657 764 2705 suum
794 2634 964 2727 proprium
993 2634 1171 2727 pulchrum
1191 2657 1268 2705 cum
1286 2657 1363 2705 om-

296 2761 395 2831 nibus
423 2759 661 2853 pertinentiis,
700 2759 826 2830 scilicet
855 2759 1015 2830 viridario
1046 2767 1081 2830 et
1111 2759 1242 2830 duabus
1268 2759 1363 2830 cavis

294 2906 354 2977 pro
375 2885 462 2955 vinis
478 2883 643 2956 tenendis.

343 3038 424 3108 ltem
448 3037 550 3108 habet
583 3037 619 3105 in
651 3037 734 3106 villa
765 3058 866 3128 supra
897 3035 1044 3128 plateam
1078 3060 1183 3106 unum
1218 3059 1362 3131 parvum

294 3161 476 3255 hospitium
494 3184 555 3255 pro
577 3161 684 3232 bladis
704 3159 870 3231 tenendis.

342 3315 424 3385 ltern
455 3313 549 3383 aliud
582 3312 763 3405 hospitium
797 3334 856 3403 pro
893 3314 969 3381 leno
1005 3311 1148 3383 tenendo
1162 3313 1360 3405 contiguum

295 3447 417 3508 castre.

342 3591 425 3660 ltem
447 3612 553 3659 unum
579 3588 741 3682 palerium
770 3597 805 3658 et
834 3610 936 3658 unam
963 3610 1078 3659 aream
1108 3590 1139 3660 ei
1166 3589 1362 3681 contiguam

292 3738 368 3785 cum
387 3694 518 3784 duabus
538 3712 755 3805 cooperturis.

340 3867 424 3935 ltem
449 3865 543 3935 aliud
565 3865 747 3958 hospitium
774 3865 970 3956 contiguum
1000 3864 1161 3935 viridario
1188 3872 1359 3958 sumptum

289 3990 330 4060 de
362 4013 448 4060 novo
477 4013 536 4082 per
562 3990 734 4061 dominum
769 3991 935 4061 loannem
968 3988 1009 4060 de
1046 3990 1171 4061 Gravis
1208 3990 1360 4061 bavilum

290 4115 369 4186 dicti
390 4115 465 4186 loci.

339 4268 423 4337 ltem
463 4290 567 4337 unum
610 4267 748 4337 furnum
781 4266 954 4360 proprium
990 4289 1066 4337 cum
1102 4266 1283 4354 districtu;
1317 4266 1360 4340 de

289 4391 414 4484 viginti
445 4414 511 4463 uno
529 4413 616 4484 pane
630 4391 753 4463 debent
769 4391 851 4464 dare
869 4413 975 4464 unum
993 4413 1128 4485 panem.
