3308 5430
289 577 307 635 6
723 588 816 634 murm
839 588 918 634 vaur

338 736 421 805 ltem
449 732 552 825 habet
573 742 683 801 ortum
708 733 878 825 proprium
909 733 965 824 qui
991 733 1186 804 conducitur
1195 756 1203 820 ;
1238 735 1353 805 ilatum

290 868 342 930 est
361 858 404 928 ad
416 857 601 949 accapitum
623 864 767 948 quatum·
782 858 998 927 sestariorum
1022 858 1180 929 frumenti
1201 868 1234 929 et
1250 883 1355 930 unum

289 1005 350 1076 par
365 981 545 1052 calcarunt.

339 1135 423 1203 ltcm
439 1132 541 1202 habet
562 1140 632 1202 tres
653 1132 784 1222 botigas
805 1155 882 1223 quae
905 1132 1157 1220 conducuntur;
1186 1134 1254 1203 iam
1279 1134 1356 1205 inde

291 1269 370 1330 sunt
390 1257 670 1345 Praedicatorum,
691 1280 805 1327 anime
820 1256 881 1327 Dei
903 1257 952 1327 eis
977 1257 1084 1342 (labe,
1107 1259 1253 1330 maxime
1276 1260 1357 1351 quia

291 1383 430 1455 inutiles
448 1383 581 1452 dominc
596 1389 630 1451 et
648 1404 720 1452 suae
736 1382 897 1451 ecelesiae.

340 1537 424 1605 ltem
437 1535 540 1605 habet
550 1534 584 1603 in
596 1533 711 1604 eadem
722 1533 1006 1626 parrochiauuam
1017 1535 1357 1628 cappellamruralem

292 1668 444 1732 vocatam
463 1660 504 1729 de
520 1659 643 1729 Sancto
661 1659 857 1730 Laurentio,

340 1813 423 1881 ltem
443 1811 545 1880 habet
565 1810 688 1880 ibidem
710 1835 812 1880 unam
834 1812 1014 1903 grangiam
1038 1814 1232 1904 contiguam
1259 1813 1358 1885 tlictae

291 1936 469 2028 cappellae,
501 1936 586 2005 alias
613 1936 799 2023 cabanum,
831 1959 906 2006 curn
936 1938 1053 2008 curiali
1083 1949 1117 2007 et
1144 1960 1211 2008 uno
1241 1961 1358 2031 campo

293 2059 400 2131 eidem
415 2060 584 2151 contigue.

343 2211 426 2281 Item
456 2209 558 2280 habet
583 2210 629 2280 ibi
661 2234 760 2302 prope
783 2210 951 2301 quandam
978 2211 1210 2283 condaminam
1238 2236 1358 2283 novem

294 2335 516 2406 modiatarum
553 2358 630 2427 qum
659 2335 824 2426 querulum
858 2336 922 2404 l'uit
952 2335 1118 2406 lohannis
1151 2336 1355 2424 Bamonati,

293 2459 408 2530 datum
427 2460 628 2552 acquisitum
648 2459 792 2529 iaciebat
806 2482 866 2551 pro
882 2460 1008 2533 usaticu
1020 2460 1360 2552 quinquagintuduos

293 2585 427 2655 solidos.

342 2738 427 2806 Item
447 2736 548 2806 habet
568 2743 728 2827 stagnum
745 2744 900 2806 uocatum
919 2737 959 2806 de
981 2737 1103 2806 Sancto
1129 2737 1312 2808 Laurentio
1328 2744 1362 2805 et
1526 2757 1534 2775 “

294 2861 385 2931 aliud
400 2861 503 2930 basile
515 2860 571 2930 ubi
584 2860 697 2930 nullus
709 2861 807 2930 (lebet
818 2862 964 2953 recipere
977 2861 1070 2952 ligna
1081 2863 1152 2930 sive
1166 2862 1361 2931 tamarisses

295 2986 360 3055 nisi
374 2985 415 3055 de
430 2985 584 3073 licentia,
602 3008 663 3055 nec
678 2986 780 3055 etium
799 2985 914 3055 bosam
930 2986 1001 3055 sive
1013 2988 1153 3077 jurmum
1168 2986 1232 3054 nisi
1252 2985 1362 3055 solvat

295 3133 355 3202 pre
387 3109 534 3180 faissellc
561 3133 665 3178 uuum
693 3133 792 3201 cepe,
834 3118 868 3180 et
899 3133 958 3202 pro
988 3110 1157 3179 sarcinata
1187 3110 1359 3181 duodecim

295 3234 450 3306 denarios
470 3235 718 3305 Narbonenses.

817 3545 845 3613 ll

665 3744 990 3793 memmumm.

343 3934 502 4026 Sequitur
521 3934 612 4004 locus
631 3935 673 4005 de
688 3935 810 4004 Sancto
831 3935 943 4025 Lupe,
966 3933 1050 4002 situs
1071 3934 1106 4001 in
1125 3933 1362 4004 terminalibus

294 4059 336 4130 de
350 4059 530 4147 Narbona,
558 4059 614 4151 qui
641 4067 731 4129 totus
748 4067 799 4130 est
819 4059 942 4128 domini
963 4059 1202 4150 archiepiscopi
1222 4057 1361 4128 Narbo-

297 4183 411 4254 nensis
430 4207 506 4254 cum
522 4184 711 4252 omnimoda
725 4183 958 4276 jurisdictione
971 4183 1041 4252 alta
1053 4191 1086 4252 et
1102 4183 1202 4252 bassa
1217 4192 1250 4252 et
1270 4205 1361 4252 mero

297 4316 332 4378 et
352 4307 457 4377 mixto
471 4307 611 4400 imperio
632 4314 666 4377 et
685 4308 802 4399 primis
818 4306 1110 4398 appellationibus.
1160 4387 1163 4392 ¹
1239 4284 1244 4292 ⁶
