3308 5430
296 658 353 718 444
755 670 849 717 uvae
871 669 950 718 vuar

343 817 425 888 Item
444 818 479 885 in
498 815 638 886 ecclesia
655 814 696 884 de
716 814 860 907 Sepiano
880 822 1034 886 octavam
1052 824 1183 910 partem
1208 816 1361 890 omnium

293 943 475 1014 fructuum.

343 1119 425 1190 ltem
447 1117 483 1188 in
504 1117 643 1215 ecclesia
670 1117 712 1189 de
730 1119 846 1189 Monte
874 1117 1048 1189 Galhardo
1076 1120 1211 1192 tertiam
1230 1128 1363 1215 partem

293 1265 457 1314 omnium.

343 1422 427 1492 Item
461 1420 495 1490 in
531 1420 672 1491 ecclesia
702 1420 743 1491 de
778 1420 873 1492 Bello
893 1420 1012 1491 Castro
1042 1429 1199 1514 quartam
1230 1431 1362 1517 partem

293 1567 457 1616 omnium.

343 1725 426 1795 ltem
460 1723 616 1794 dominus
654 1724 922 1817 archiepiscopus
961 1724 1063 1798 habet
1100 1725 1136 1795 in
1175 1725 1256 1797 locis
1289 1727 1362 1798 suis

294 1847 493 1940 supradictis
505 1847 674 1919 'animalia
691 1860 809 1919 vorata
829 1848 873 1919 ole
893 1850 1046 1945 l'espaue

343 2026 427 2097 14444
459 2025 604 2096 indicta
626 2026 753 2096 bavilia
790 2035 869 2097 sunt
899 2027 1012 2119 plures
1044 2051 1164 2100 census
1200 2029 1255 2101 val
1287 2052 1362 2102 esse

293 2147 448 2246 dehent,
482 2149 540 2220 sed
574 2172 649 2220 curn
689 2150 868 2241 diligentia
900 2174 959 2242 per
994 2152 1145 2222 bavilurn
1181 2151 1262 2224 dicti
1298 2152 1360 2224 loci

294 2275 544 2369 perquirantur.

791 2534 883 2605 CVII

715 2760 759 2809 DE
784 2759 927 2811 LlMOSlO.

343 2942 502 3034 Sequitur
525 2941 616 3013 loeus
636 2942 677 3014 de
698 2943 845 3014 limosio
863 2942 919 3035 qui
940 2964 1006 3013 nou
1027 2951 1078 3015 est
1100 2942 1227 3014 domini
1245 2943 1362 3015 archi-

294 3067 438 3160 episcopi
470 3067 729 3156 Narbonensis,
766 3067 823 3138 scd
861 3067 965 3139 habet
1004 3069 1049 3139 ibi
1086 3091 1176 3139 anno
1211 3068 1361 3162 quolibet

293 3213 371 3283 quae
388 3199 553 3283 sequntur
571 3214 631 3284 per
651 3191 815 3263 ordinem.

342 3372 457 3442 Primo
487 3394 591 3441 unum
619 3371 796 3463 pulchrum
816 3370 998 3462 hospitium
1024 3371 1081 3441 ubi
1113 3378 1246 3444 tenetur
1265 3375 1362 3445 curia

293 3492 480 3585 spiritualis
499 3492 600 3562 totius
618 3492 816 3563 officialatus
836 3492 995 3563 Reddesii
1015 3501 1049 3563 et
1065 3492 1215 3582 Limosi‚
1238 3493 1274 3565 in
1293 3517 1360 3587 quo

293 3617 438 3710 hospitio
466 3632 515 3687 est
538 3617 690 3709 cappella
717 3617 857 3709 pulchra
887 3627 921 3688 44
941 3618 1024 3688 bene
1052 3617 1193 3706 dotata,
1228 3625 1263 3690 et
1280 3627 1361 3690 sunt

293 3740 341 3810 ibi
359 3763 509 3812 carceres
530 3752 563 3812 44
583 3740 690 3811 multa
705 3740 774 3811 alia
790 3740 878 3810 dicto
893 3741 1037 3833 hospitio
1055 3764 1201 3813 annexa.

342 3912 425 3980 ltenr
446 3909 549 3981 habet
568 3909 724 3980 dominus
735 3909 1003 4003 archiepiscopus
1018 3911 1250 3983 Narbonensis
1268 3913 1359 3985 infra

291 4033 416 4104 dictum
459 4057 557 4104 suurn
602 4033 784 4126 hospitium
828 4032 1053 4104 omnimodam
1088 4034 1357 4128 jurisdictionem

290 4159 396 4230 altam
427 4166 462 4228 et
494 4157 628 4228 bassam
650 4165 684 4228 et
714 4157 941 4250 cognitionem
968 4181 1008 4229 ac
1042 4158 1250 4252 punitionem
1271 4183 1360 4254 qua-

291 4304 509 4374 rumcumque
527 4304 746 4374 personarum
772 4283 862 4353 infra
882 4282 1008 4353 dictum
1038 4283 1222 4377 hospitium
1240 4283 1357 4356 delin-

277 4407 468 4507 quentium-
486 4416 557 4477 tarn
574 4405 800 4500 spiritualium
819 4429 921 4500 quam
941 4407 1157 4501 secularium.
