<?xml version="1.0" encoding="UTF-8"?>
<!DOCTYPE html PUBLIC "-//W3C//DTD XHTML 1.0 Transitional//EN"
    "http://www.w3.org/TR/xhtml1/DTD/xhtml1-transitional.dtd">
<html xmlns="http://www.w3.org/1999/xhtml" xml:lang="en" lang="en">
 <head>
  <title>
</title>
<meta http-equiv="Content-Type" content="text/html;charset=utf-8" />
  <meta name='ocr-system' content='tesseract 3.04.00' />
  <meta name='ocr-capabilities' content='ocr_page ocr_carea ocr_par ocr_line ocrx_word'/>
</head>
<body>
  <div class='ocr_page' id='page_1' title='image "./livrevertdelarc00fragoog_0116.png"; bbox 0 0 3308 5430; ppageno 0'>
   <div class='ocr_carea' id='block_1_1' title="bbox 531 653 1357 721">
    <p class='ocr_par' dir='ltr' id='par_1_1' title="bbox 531 653 1357 721">
     <span class='ocr_line' id='line_1_1' title="bbox 531 653 1357 721; baseline -0.002 -1"><span class='ocrx_word' id='word_1_1' title='bbox 531 673 571 720; x_wconf 82' lang='lat' dir='ltr'><strong>nr</strong></span> <span class='ocrx_word' id='word_1_2' title='bbox 591 653 827 721; x_wconf 78' lang='lat' dir='ltr'><strong>n&#39;lucnnrtcnt</strong></span> <span class='ocrx_word' id='word_1_3' title='bbox 846 670 886 718; x_wconf 87' lang='lat' dir='ltr'><strong>ou</strong></span> <span class='ocrx_word' id='word_1_4' title='bbox 906 667 1077 720; x_wconf 66' lang='lat' dir='ltr'><strong>neruorum</strong></span> <span class='ocrx_word' id='word_1_5' title='bbox 1320 657 1357 719; x_wconf 71' lang='lat' dir='ltr'><strong>lo</strong></span> 
     </span>
    </p>
   </div>
   <div class='ocr_carea' id='block_1_2' title="bbox 291 815 1360 1166">
    <p class='ocr_par' dir='ltr' id='par_1_2' title="bbox 291 815 1360 1166">
     <span class='ocr_line' id='line_1_2' title="bbox 339 815 1359 912; baseline -0.004 -20"><span class='ocrx_word' id='word_1_6' title='bbox 339 822 424 893; x_wconf 85' lang='lat' dir='ltr'><strong>Item</strong></span> <span class='ocrx_word' id='word_1_7' title='bbox 448 819 589 893; x_wconf 85' lang='lat' dir='ltr'><strong>ecclesia</strong></span> <span class='ocrx_word' id='word_1_8' title='bbox 602 819 645 892; x_wconf 91' lang='lat' dir='ltr'><strong>de</strong></span> <span class='ocrx_word' id='word_1_9' title='bbox 662 819 762 912; x_wconf 90' lang='lat' dir='ltr'><strong>Rupe</strong></span> <span class='ocrx_word' id='word_1_10' title='bbox 776 817 873 889; x_wconf 84' lang='lat' dir='ltr'><strong>Forti</strong></span> <span class='ocrx_word' id='word_1_11' title='bbox 898 817 940 890; x_wconf 92' lang='lat' dir='ltr'><strong>de</strong></span> <span class='ocrx_word' id='word_1_12' title='bbox 957 817 1128 889; x_wconf 83' lang='lat' dir='ltr'><strong>frumento</strong></span> <span class='ocrx_word' id='word_1_13' title='bbox 1148 815 1263 890; x_wconf 89' lang='lat' dir='ltr'><strong>decem</strong></span> <span class='ocrx_word' id='word_1_14' title='bbox 1285 822 1359 889; x_wconf 90' lang='lat' dir='ltr'><strong>octo</strong></span> 
     </span>
     <span class='ocr_line' id='line_1_3' title="bbox 291 940 1360 1036; baseline -0.005 -17"><span class='ocrx_word' id='word_1_15' title='bbox 291 945 433 1019; x_wconf 84' lang='lat' dir='ltr'><strong>sestaria</strong></span> <span class='ocrx_word' id='word_1_16' title='bbox 449 967 527 1017; x_wconf 88' lang='lat' dir='ltr'><strong>cum</strong></span> <span class='ocrx_word' id='word_1_17' title='bbox 545 944 659 1016; x_wconf 88' lang='lat' dir='ltr'><strong>emina</strong></span> <span class='ocrx_word' id='word_1_18' title='bbox 672 943 757 1015; x_wconf 88' lang='lat' dir='ltr'><strong>duas</strong></span> <span class='ocrx_word' id='word_1_19' title='bbox 775 942 931 1036; x_wconf 86' lang='lat' dir='ltr'><strong>ponerias</strong></span> <span class='ocrx_word' id='word_1_20' title='bbox 942 947 986 1013; x_wconf 85' lang='lat' dir='ltr'><strong>et</strong></span> <span class='ocrx_word' id='word_1_21' title='bbox 1000 940 1147 1014; x_wconf 85' lang='lat' dir='ltr'><strong>mediam</strong></span> <span class='ocrx_word' id='word_1_22' title='bbox 1166 947 1201 1014; x_wconf 88' lang='lat' dir='ltr'><strong>et</strong></span> <span class='ocrx_word' id='word_1_23' title='bbox 1222 940 1360 1015; x_wconf 80' lang='lat' dir='ltr'><strong>tertiam</strong></span> 
     </span>
     <span class='ocr_line' id='line_1_4' title="bbox 292 1068 724 1166; baseline -0.007 -24"><span class='ocrx_word' id='word_1_24' title='bbox 292 1078 424 1166; x_wconf 87' lang='lat' dir='ltr'><strong>partem</strong></span> <span class='ocrx_word' id='word_1_25' title='bbox 442 1069 544 1141; x_wconf 91' lang='lat' dir='ltr'><strong>unius</strong></span> <span class='ocrx_word' id='word_1_26' title='bbox 562 1068 724 1163; x_wconf 87' lang='lat' dir='ltr'><strong>poneriae.</strong></span> 
     </span>
    </p>
   </div>
   <div class='ocr_carea' id='block_1_3' title="bbox 290 1235 1359 1584">
    <p class='ocr_par' dir='ltr' id='par_1_3' title="bbox 290 1235 1359 1584">
     <span class='ocr_line' id='line_1_5' title="bbox 340 1235 1357 1330; baseline -0.002 -19"><span class='ocrx_word' id='word_1_27' title='bbox 340 1240 424 1311; x_wconf 87' lang='lat' dir='ltr'><strong>Item</strong></span> <span class='ocrx_word' id='word_1_28' title='bbox 439 1237 556 1311; x_wconf 75' lang='lat' dir='ltr'><strong>eadem</strong></span> <span class='ocrx_word' id='word_1_29' title='bbox 574 1237 715 1310; x_wconf 86' lang='lat' dir='ltr'><strong>ecelesia</strong></span> <span class='ocrx_word' id='word_1_30' title='bbox 734 1235 776 1309; x_wconf 90' lang='lat' dir='ltr'><strong>de</strong></span> <span class='ocrx_word' id='word_1_31' title='bbox 787 1235 887 1308; x_wconf 89' lang='lat' dir='ltr'><strong>ordeo</strong></span> <span class='ocrx_word' id='word_1_32' title='bbox 898 1235 1042 1329; x_wconf 84' lang='lat' dir='ltr'><strong>triginta</strong></span> <span class='ocrx_word' id='word_1_33' title='bbox 1055 1242 1183 1330; x_wconf 86' lang='lat' dir='ltr'><strong>septem</strong></span> <span class='ocrx_word' id='word_1_34' title='bbox 1198 1237 1357 1328; x_wconf 85' lang='lat' dir='ltr'><strong>sestaria,</strong></span> 
     </span>
     <span class='ocr_line' id='line_1_6' title="bbox 290 1361 1359 1458; baseline -0.001 -22"><span class='ocrx_word' id='word_1_35' title='bbox 290 1386 394 1436; x_wconf 92' lang='lat' dir='ltr'><strong>unam</strong></span> <span class='ocrx_word' id='word_1_36' title='bbox 411 1363 630 1458; x_wconf 80' lang='lat' dir='ltr'><strong>quarterium,</strong></span> <span class='ocrx_word' id='word_1_37' title='bbox 651 1361 983 1456; x_wconf 87' lang='lat' dir='ltr'><strong>unamponeriamet</strong></span> <span class='ocrx_word' id='word_1_38' title='bbox 1002 1361 1087 1434; x_wconf 88' lang='lat' dir='ltr'><strong>duas</strong></span> <span class='ocrx_word' id='word_1_39' title='bbox 1104 1368 1218 1456; x_wconf 88' lang='lat' dir='ltr'><strong>partes</strong></span> <span class='ocrx_word' id='word_1_40' title='bbox 1236 1363 1359 1436; x_wconf 89' lang='lat' dir='ltr'><strong>mediae</strong></span> 
     </span>
     <span class='ocr_line' id='line_1_7' title="bbox 295 1511 457 1584; baseline 0 -23"><span class='ocrx_word' id='word_1_41' title='bbox 295 1511 457 1584; x_wconf 83' lang='lat' dir='ltr'><strong>ponemae.</strong></span> 
     </span>
    </p>
   </div>
   <div class='ocr_carea' id='block_1_4' title="bbox 290 1656 1361 2002">
    <p class='ocr_par' dir='ltr' id='par_1_4' title="bbox 290 1656 1361 2002">
     <span class='ocr_line' id='line_1_8' title="bbox 340 1656 1361 1752; baseline -0.002 -21"><span class='ocrx_word' id='word_1_42' title='bbox 340 1660 425 1732; x_wconf 85' lang='lat' dir='ltr'><strong>Item</strong></span> <span class='ocrx_word' id='word_1_43' title='bbox 454 1656 594 1730; x_wconf 86' lang='lat' dir='ltr'><strong>ecclesia</strong></span> <span class='ocrx_word' id='word_1_44' title='bbox 619 1656 660 1730; x_wconf 92' lang='lat' dir='ltr'><strong>de</strong></span> <span class='ocrx_word' id='word_1_45' title='bbox 681 1657 836 1729; x_wconf 89' lang='lat' dir='ltr'><strong>Omlibus</strong></span> <span class='ocrx_word' id='word_1_46' title='bbox 855 1656 898 1728; x_wconf 90' lang='lat' dir='ltr'><strong>de</strong></span> <span class='ocrx_word' id='word_1_47' title='bbox 917 1656 1088 1729; x_wconf 86' lang='lat' dir='ltr'><strong>frumento</strong></span> <span class='ocrx_word' id='word_1_48' title='bbox 1108 1656 1233 1752; x_wconf 83' lang='lat' dir='ltr'><strong>viginti</strong></span> <span class='ocrx_word' id='word_1_49' title='bbox 1254 1680 1361 1730; x_wconf 91' lang='lat' dir='ltr'><strong>unum</strong></span> 
     </span>
     <span class='ocr_line' id='line_1_9' title="bbox 290 1781 1360 1878; baseline -0.001 -23"><span class='ocrx_word' id='word_1_50' title='bbox 290 1782 483 1872; x_wconf 83' lang='lat' dir='ltr'><strong>sestarium,</strong></span> <span class='ocrx_word' id='word_1_51' title='bbox 503 1804 608 1854; x_wconf 87' lang='lat' dir='ltr'><strong>unam</strong></span> <span class='ocrx_word' id='word_1_52' title='bbox 625 1782 844 1875; x_wconf 79' lang='lat' dir='ltr'><strong>quarterium,</strong></span> <span class='ocrx_word' id='word_1_53' title='bbox 863 1804 967 1854; x_wconf 91' lang='lat' dir='ltr'><strong>unam</strong></span> <span class='ocrx_word' id='word_1_54' title='bbox 985 1781 1160 1876; x_wconf 90' lang='lat' dir='ltr'><strong>poneriam</strong></span> <span class='ocrx_word' id='word_1_55' title='bbox 1174 1788 1209 1856; x_wconf 89' lang='lat' dir='ltr'><strong>et</strong></span> <span class='ocrx_word' id='word_1_56' title='bbox 1228 1789 1360 1878; x_wconf 89' lang='lat' dir='ltr'><strong>partem</strong></span> 
     </span>
     <span class='ocr_line' id='line_1_10' title="bbox 293 1906 720 2002; baseline -0.007 -21"><span class='ocrx_word' id='word_1_57' title='bbox 293 1908 430 1981; x_wconf 81' lang='lat' dir='ltr'><strong>tertiam</strong></span> <span class='ocrx_word' id='word_1_58' title='bbox 442 1907 543 1980; x_wconf 89' lang='lat' dir='ltr'><strong>unius</strong></span> <span class='ocrx_word' id='word_1_59' title='bbox 558 1906 720 2002; x_wconf 85' lang='lat' dir='ltr'><strong>poneriae.</strong></span> 
     </span>
    </p>
   </div>
   <div class='ocr_carea' id='block_1_5' title="bbox 292 2076 1361 2422">
    <p class='ocr_par' dir='ltr' id='par_1_5' title="bbox 292 2076 1361 2422">
     <span class='ocr_line' id='line_1_11' title="bbox 341 2076 1361 2171; baseline -0.002 -20"><span class='ocrx_word' id='word_1_60' title='bbox 341 2080 426 2151; x_wconf 85' lang='lat' dir='ltr'><strong>Item</strong></span> <span class='ocrx_word' id='word_1_61' title='bbox 443 2077 561 2150; x_wconf 86' lang='lat' dir='ltr'><strong>eadem</strong></span> <span class='ocrx_word' id='word_1_62' title='bbox 579 2076 719 2149; x_wconf 88' lang='lat' dir='ltr'><strong>ecclesia</strong></span> <span class='ocrx_word' id='word_1_63' title='bbox 738 2076 781 2150; x_wconf 88' lang='lat' dir='ltr'><strong>de</strong></span> <span class='ocrx_word' id='word_1_64' title='bbox 795 2076 894 2148; x_wconf 89' lang='lat' dir='ltr'><strong>ordeo</strong></span> <span class='ocrx_word' id='word_1_65' title='bbox 912 2076 1139 2171; x_wconf 81' lang='lat' dir='ltr'><strong>quadragmta</strong></span> <span class='ocrx_word' id='word_1_66' title='bbox 1158 2100 1264 2150; x_wconf 93' lang='lat' dir='ltr'><strong>unum</strong></span> <span class='ocrx_word' id='word_1_67' title='bbox 1288 2099 1361 2150; x_wconf 88' lang='lat' dir='ltr'><strong>ses·</strong></span> 
     </span>
     <span class='ocr_line' id='line_1_12' title="bbox 292 2201 1361 2297; baseline 0 -23"><span class='ocrx_word' id='word_1_68' title='bbox 292 2205 419 2275; x_wconf 86' lang='lat' dir='ltr'><strong>tarium</strong></span> <span class='ocrx_word' id='word_1_69' title='bbox 445 2227 521 2275; x_wconf 92' lang='lat' dir='ltr'><strong>cum</strong></span> <span class='ocrx_word' id='word_1_70' title='bbox 543 2202 669 2293; x_wconf 89' lang='lat' dir='ltr'><strong>emina,</strong></span> <span class='ocrx_word' id='word_1_71' title='bbox 687 2202 772 2275; x_wconf 86' lang='lat' dir='ltr'><strong>duas</strong></span> <span class='ocrx_word' id='word_1_72' title='bbox 787 2202 944 2297; x_wconf 89' lang='lat' dir='ltr'><strong>ponerias</strong></span> <span class='ocrx_word' id='word_1_73' title='bbox 966 2210 1000 2275; x_wconf 92' lang='lat' dir='ltr'><strong>et</strong></span> <span class='ocrx_word' id='word_1_74' title='bbox 1027 2201 1112 2276; x_wconf 86' lang='lat' dir='ltr'><strong>duas</strong></span> <span class='ocrx_word' id='word_1_75' title='bbox 1130 2209 1244 2296; x_wconf 89' lang='lat' dir='ltr'><strong>partes</strong></span> <span class='ocrx_word' id='word_1_76' title='bbox 1259 2203 1361 2274; x_wconf 89' lang='lat' dir='ltr'><strong>unius</strong></span> 
     </span>
     <span class='ocr_line' id='line_1_13' title="bbox 296 2350 457 2422; baseline 0 -23"><span class='ocrx_word' id='word_1_77' title='bbox 296 2350 457 2422; x_wconf 88' lang='lat' dir='ltr'><strong>ponenae.</strong></span> 
     </span>
    </p>
   </div>
   <div class='ocr_carea' id='block_1_6' title="bbox 293 2495 1361 2717">
    <p class='ocr_par' dir='ltr' id='par_1_6' title="bbox 293 2495 1361 2717">
     <span class='ocr_line' id='line_1_14' title="bbox 342 2495 1361 2591; baseline -0.001 -22"><span class='ocrx_word' id='word_1_78' title='bbox 342 2499 426 2569; x_wconf 89' lang='lat' dir='ltr'><strong>Item</strong></span> <span class='ocrx_word' id='word_1_79' title='bbox 441 2497 581 2570; x_wconf 86' lang='lat' dir='ltr'><strong>ecclesia</strong></span> <span class='ocrx_word' id='word_1_80' title='bbox 595 2495 636 2568; x_wconf 92' lang='lat' dir='ltr'><strong>de</strong></span> <span class='ocrx_word' id='word_1_81' title='bbox 663 2498 762 2590; x_wconf 88' lang='lat' dir='ltr'><strong>Rupe</strong></span> <span class='ocrx_word' id='word_1_82' title='bbox 782 2496 903 2589; x_wconf 82' lang='lat' dir='ltr'><strong>Longa</strong></span> <span class='ocrx_word' id='word_1_83' title='bbox 928 2503 963 2568; x_wconf 89' lang='lat' dir='ltr'><strong>et</strong></span> <span class='ocrx_word' id='word_1_84' title='bbox 992 2496 1107 2570; x_wconf 81' lang='lat' dir='ltr'>Sancti</span> <span class='ocrx_word' id='word_1_85' title='bbox 1137 2495 1301 2591; x_wconf 80' lang='lat' dir='ltr'>Stephani</span> <span class='ocrx_word' id='word_1_86' title='bbox 1319 2497 1361 2569; x_wconf 88' lang='lat' dir='ltr'><strong>de</strong></span> 
     </span>
     <span class='ocr_line' id='line_1_15' title="bbox 293 2621 1104 2717; baseline 0 -23"><span class='ocrx_word' id='word_1_87' title='bbox 293 2625 497 2717; x_wconf 79' lang='lat' dir='ltr'><strong>Agaussano</strong></span> <span class='ocrx_word' id='word_1_88' title='bbox 511 2621 552 2695; x_wconf 90' lang='lat' dir='ltr'><strong>de</strong></span> <span class='ocrx_word' id='word_1_89' title='bbox 570 2622 740 2694; x_wconf 85' lang='lat' dir='ltr'><strong>frumento</strong></span> <span class='ocrx_word' id='word_1_90' title='bbox 755 2622 923 2693; x_wconf 77' lang='lat' dir='ltr'><strong>sexdecim</strong></span> <span class='ocrx_word' id='word_1_91' title='bbox 942 2624 1104 2694; x_wconf 87' lang='lat' dir='ltr'><strong>sextaria.</strong></span> 
     </span>
    </p>
   </div>
   <div class='ocr_carea' id='block_1_7' title="bbox 297 2800 1362 3018">
    <p class='ocr_par' dir='ltr' id='par_1_7' title="bbox 297 2800 1362 3018">
     <span class='ocr_line' id='line_1_16' title="bbox 344 2800 1362 2897; baseline 0 -25"><span class='ocrx_word' id='word_1_92' title='bbox 344 2803 428 2873; x_wconf 84' lang='lat' dir='ltr'><strong>Item</strong></span> <span class='ocrx_word' id='word_1_93' title='bbox 457 2800 598 2872; x_wconf 88' lang='lat' dir='ltr'><strong>ecelesia</strong></span> <span class='ocrx_word' id='word_1_94' title='bbox 626 2801 750 2872; x_wconf 86' lang='lat' dir='ltr'><strong>ruralis</strong></span> <span class='ocrx_word' id='word_1_95' title='bbox 773 2801 891 2872; x_wconf 86' lang='lat' dir='ltr'><strong>Beatae</strong></span> <span class='ocrx_word' id='word_1_96' title='bbox 917 2800 1039 2873; x_wconf 86' lang='lat' dir='ltr'><strong>Mariae</strong></span> <span class='ocrx_word' id='word_1_97' title='bbox 1065 2801 1106 2874; x_wconf 91' lang='lat' dir='ltr'><strong>de</strong></span> <span class='ocrx_word' id='word_1_98' title='bbox 1134 2801 1243 2873; x_wconf 85' lang='lat' dir='ltr'><strong>olivis</strong></span> <span class='ocrx_word' id='word_1_99' title='bbox 1272 2800 1362 2897; x_wconf 92' lang='lat' dir='ltr'><strong>apud</strong></span> 
     </span>
     <span class='ocr_line' id='line_1_17' title="bbox 297 2925 886 3018; baseline 0.005 -22"><span class='ocrx_word' id='word_1_100' title='bbox 297 2927 439 2997; x_wconf 78' lang='lat' dir='ltr'><strong>Fontem</strong></span> <span class='ocrx_word' id='word_1_101' title='bbox 459 2925 637 3018; x_wconf 81' lang='lat' dir='ltr'><strong>Frigidum</strong></span> <span class='ocrx_word' id='word_1_102' title='bbox 651 2926 693 2998; x_wconf 89' lang='lat' dir='ltr'><strong>de</strong></span> <span class='ocrx_word' id='word_1_103' title='bbox 707 2926 780 2999; x_wconf 88' lang='lat' dir='ltr'><strong>oleo</strong></span> <span class='ocrx_word' id='word_1_104' title='bbox 785 2980 886 2999; x_wconf 93' lang='grc'><strong>.....</strong></span> 
     </span>
    </p>
   </div>
   <div class='ocr_carea' id='block_1_8' title="bbox 293 3103 1365 3448">
    <p class='ocr_par' dir='ltr' id='par_1_8' title="bbox 293 3103 1365 3448">
     <span class='ocr_line' id='line_1_18' title="bbox 343 3103 1363 3199; baseline 0 -24"><span class='ocrx_word' id='word_1_105' title='bbox 343 3106 426 3176; x_wconf 86' lang='lat' dir='ltr'><strong>Item</strong></span> <span class='ocrx_word' id='word_1_106' title='bbox 451 3103 591 3177; x_wconf 86' lang='lat' dir='ltr'><strong>eeclesia</strong></span> <span class='ocrx_word' id='word_1_107' title='bbox 617 3103 659 3177; x_wconf 92' lang='lat' dir='ltr'><strong>de</strong></span> <span class='ocrx_word' id='word_1_108' title='bbox 685 3104 804 3176; x_wconf 81' lang='lat' dir='ltr'><strong>Castro</strong></span> <span class='ocrx_word' id='word_1_109' title='bbox 832 3106 953 3176; x_wconf 85' lang='lat' dir='ltr'><strong>Mauro</strong></span> <span class='ocrx_word' id='word_1_110' title='bbox 972 3104 1014 3178; x_wconf 91' lang='lat' dir='ltr'><strong>de</strong></span> <span class='ocrx_word' id='word_1_111' title='bbox 1043 3105 1213 3177; x_wconf 84' lang='lat' dir='ltr'><strong>frumento</strong></span> <span class='ocrx_word' id='word_1_112' title='bbox 1238 3104 1363 3199; x_wconf 85' lang='lat' dir='ltr'><strong>viginti</strong></span> 
     </span>
     <span class='ocr_line' id='line_1_19' title="bbox 293 3229 1365 3325; baseline 0.003 -25"><span class='ocrx_word' id='word_1_113' title='bbox 293 3252 399 3300; x_wconf 92' lang='lat' dir='ltr'><strong>unum</strong></span> <span class='ocrx_word' id='word_1_114' title='bbox 419 3229 613 3320; x_wconf 88' lang='lat' dir='ltr'><strong>sestarium,</strong></span> <span class='ocrx_word' id='word_1_115' title='bbox 637 3253 740 3302; x_wconf 91' lang='lat' dir='ltr'><strong>unam</strong></span> <span class='ocrx_word' id='word_1_116' title='bbox 759 3230 978 3323; x_wconf 76' lang='lat' dir='ltr'><strong>quarterium,</strong></span> <span class='ocrx_word' id='word_1_117' title='bbox 998 3254 1102 3304; x_wconf 92' lang='lat' dir='ltr'><strong>unam</strong></span> <span class='ocrx_word' id='word_1_118' title='bbox 1121 3230 1320 3325; x_wconf 91' lang='lat' dir='ltr'><strong>ponheriam</strong></span> <span class='ocrx_word' id='word_1_119' title='bbox 1331 3240 1365 3303; x_wconf 90' lang='lat' dir='ltr'><strong>et</strong></span> 
     </span>
     <span class='ocr_line' id='line_1_20' title="bbox 295 3354 797 3448; baseline 0.002 -24"><span class='ocrx_word' id='word_1_120' title='bbox 295 3362 366 3426; x_wconf 87' lang='lat' dir='ltr'><strong>tres</strong></span> <span class='ocrx_word' id='word_1_121' title='bbox 384 3360 498 3446; x_wconf 86' lang='lat' dir='ltr'><strong>partes</strong></span> <span class='ocrx_word' id='word_1_122' title='bbox 518 3354 619 3425; x_wconf 86' lang='lat' dir='ltr'><strong>nnius</strong></span> <span class='ocrx_word' id='word_1_123' title='bbox 636 3355 797 3448; x_wconf 87' lang='lat' dir='ltr'><strong>poneriae.</strong></span> 
     </span>
    </p>
   </div>
   <div class='ocr_carea' id='block_1_9' title="bbox 292 3531 1361 3755">
    <p class='ocr_par' dir='ltr' id='par_1_9' title="bbox 292 3531 1361 3755">
     <span class='ocr_line' id='line_1_21' title="bbox 344 3531 1361 3628; baseline 0.007 -26"><span class='ocrx_word' id='word_1_124' title='bbox 344 3532 429 3603; x_wconf 89' lang='lat' dir='ltr'><strong>Item</strong></span> <span class='ocrx_word' id='word_1_125' title='bbox 444 3531 561 3605; x_wconf 87' lang='lat' dir='ltr'><strong>eadem</strong></span> <span class='ocrx_word' id='word_1_126' title='bbox 573 3533 714 3606; x_wconf 88' lang='lat' dir='ltr'><strong>ecclesia</strong></span> <span class='ocrx_word' id='word_1_127' title='bbox 726 3533 768 3605; x_wconf 87' lang='lat' dir='ltr'><strong>de</strong></span> <span class='ocrx_word' id='word_1_128' title='bbox 781 3533 881 3605; x_wconf 91' lang='lat' dir='ltr'><strong>ordeo</strong></span> <span class='ocrx_word' id='word_1_129' title='bbox 893 3534 1193 3628; x_wconf 80' lang='lat' dir='ltr'><strong>quadragintadno</strong></span> <span class='ocrx_word' id='word_1_130' title='bbox 1204 3537 1361 3625; x_wconf 83' lang='lat' dir='ltr'><strong>sestarIa,</strong></span> 
     </span>
     <span class='ocr_line' id='line_1_22' title="bbox 292 3656 1311 3755; baseline 0.008 -27"><span class='ocrx_word' id='word_1_131' title='bbox 292 3656 454 3747; x_wconf 82' lang='lat' dir='ltr'><strong>eminam,</strong></span> <span class='ocrx_word' id='word_1_132' title='bbox 471 3658 556 3730; x_wconf 90' lang='lat' dir='ltr'><strong>duas</strong></span> <span class='ocrx_word' id='word_1_133' title='bbox 570 3659 726 3752; x_wconf 85' lang='lat' dir='ltr'><strong>ponerias</strong></span> <span class='ocrx_word' id='word_1_134' title='bbox 747 3665 781 3730; x_wconf 89' lang='lat' dir='ltr'><strong>et</strong></span> <span class='ocrx_word' id='word_1_135' title='bbox 795 3658 880 3730; x_wconf 86' lang='lat' dir='ltr'><strong>duas</strong></span> <span class='ocrx_word' id='word_1_136' title='bbox 895 3667 1009 3754; x_wconf 86' lang='lat' dir='ltr'><strong>partes</strong></span> <span class='ocrx_word' id='word_1_137' title='bbox 1029 3661 1129 3733; x_wconf 89' lang='lat' dir='ltr'><strong>unius</strong></span> <span class='ocrx_word' id='word_1_138' title='bbox 1149 3662 1311 3755; x_wconf 86' lang='lat' dir='ltr'><strong>poneriae.</strong></span> 
     </span>
    </p>
   </div>
   <div class='ocr_carea' id='block_1_10' title="bbox 295 3810 1364 4057">
    <p class='ocr_par' dir='ltr' id='par_1_10' title="bbox 295 3810 1364 4057">
     <span class='ocr_line' id='line_1_23' title="bbox 345 3810 1364 3934; baseline 0.003 -27"><span class='ocrx_word' id='word_1_139' title='bbox 345 3837 429 3908; x_wconf 88' lang='lat' dir='ltr'><strong>Item</strong></span> <span class='ocrx_word' id='word_1_140' title='bbox 444 3810 525 3907; x_wconf 81' lang='lat' dir='ltr'><strong>sunt</strong></span> <span class='ocrx_word' id='word_1_141' title='bbox 546 3835 626 3908; x_wconf 81' lang='lat' dir='ltr'><strong>aliae</strong></span> <span class='ocrx_word' id='word_1_142' title='bbox 646 3837 807 3931; x_wconf 77' lang='lat' dir='ltr'><strong>cappellae</strong></span> <span class='ocrx_word' id='word_1_143' title='bbox 828 3838 959 3910; x_wconf 86' lang='lat' dir='ltr'><strong>rurales</strong></span> <span class='ocrx_word' id='word_1_144' title='bbox 977 3838 1067 3932; x_wconf 90' lang='lat' dir='ltr'><strong>apud</strong></span> <span class='ocrx_word' id='word_1_145' title='bbox 1081 3840 1226 3912; x_wconf 87' lang='lat' dir='ltr'><strong>Fontem</strong></span> <span class='ocrx_word' id='word_1_146' title='bbox 1240 3840 1364 3934; x_wconf 83' lang='lat' dir='ltr'><strong>Frigi-</strong></span> 
     </span>
     <span class='ocr_line' id='line_1_24' title="bbox 295 3959 838 4057; baseline 0.006 -26"><span class='ocrx_word' id='word_1_147' title='bbox 295 3959 376 4032; x_wconf 92' lang='lat' dir='ltr'><strong>dum</strong></span> <span class='ocrx_word' id='word_1_148' title='bbox 393 3972 471 4053; x_wconf 85' lang='lat' dir='ltr'><strong>quae</strong></span> <span class='ocrx_word' id='word_1_149' title='bbox 486 3961 616 4033; x_wconf 82' lang='lat' dir='ltr'><strong>faciunt</strong></span> <span class='ocrx_word' id='word_1_150' title='bbox 632 3963 838 4057; x_wconf 84' lang='lat' dir='ltr'><strong>pontionem.</strong></span> 
     </span>
    </p>
   </div>
   <div class='ocr_carea' id='block_1_11' title="bbox 348 4137 1367 4235">
    <p class='ocr_par' dir='ltr' id='par_1_11' title="bbox 348 4137 1367 4235">
     <span class='ocr_line' id='line_1_25' title="bbox 348 4137 1367 4235; baseline 0.005 -25"><span class='ocrx_word' id='word_1_151' title='bbox 348 4137 488 4210; x_wconf 88' lang='lat' dir='ltr'><strong>Summa</strong></span> <span class='ocrx_word' id='word_1_152' title='bbox 524 4140 685 4211; x_wconf 85' lang='lat' dir='ltr'><strong>frumenti</strong></span> <span class='ocrx_word' id='word_1_153' title='bbox 717 4140 867 4213; x_wconf 90' lang='lat' dir='ltr'><strong>omnium</strong></span> <span class='ocrx_word' id='word_1_154' title='bbox 908 4141 1103 4235; x_wconf 82' lang='lat' dir='ltr'><strong>pontionum</strong></span> <span class='ocrx_word' id='word_1_155' title='bbox 1128 4141 1367 4232; x_wconf 86' lang='lat' dir='ltr'><strong>praedictarum</strong></span> 
     </span>
    </p>
   </div>
   <div class='ocr_carea' id='block_1_12' title="bbox 299 4264 1368 4360">
    <p class='ocr_par' dir='ltr' id='par_1_12' title="bbox 299 4264 1368 4360">
     <span class='ocr_line' id='line_1_26' title="bbox 299 4264 1368 4360; baseline 0.003 -25"><span class='ocrx_word' id='word_1_156' title='bbox 299 4264 495 4357; x_wconf 82' lang='lat' dir='ltr'><strong>octuaginta</strong></span> <span class='ocrx_word' id='word_1_157' title='bbox 520 4271 648 4359; x_wconf 82' lang='lat' dir='ltr'><strong>septem</strong></span> <span class='ocrx_word' id='word_1_158' title='bbox 671 4267 832 4356; x_wconf 86' lang='lat' dir='ltr'><strong>sestaria,</strong></span> <span class='ocrx_word' id='word_1_159' title='bbox 862 4289 965 4338; x_wconf 90' lang='lat' dir='ltr'><strong>unam</strong></span> <span class='ocrx_word' id='word_1_160' title='bbox 989 4267 1196 4360; x_wconf 86' lang='lat' dir='ltr'><strong>quarteriam</strong></span> <span class='ocrx_word' id='word_1_161' title='bbox 1215 4272 1249 4339; x_wconf 92' lang='lat' dir='ltr'><strong>et</strong></span> <span class='ocrx_word' id='word_1_162' title='bbox 1264 4292 1368 4340; x_wconf 90' lang='lat' dir='ltr'><strong>unam</strong></span> 
     </span>
    </p>
   </div>
   <div class='ocr_carea' id='block_1_13' title="bbox 300 4389 1281 4579">
    <p class='ocr_par' dir='ltr' id='par_1_13' title="bbox 300 4389 1281 4579">
     <span class='ocr_line' id='line_1_27' title="bbox 300 4389 487 4483; baseline 0.011 -24"><span class='ocrx_word' id='word_1_163' title='bbox 300 4389 487 4483; x_wconf 90' lang='lat' dir='ltr'><strong>poneriam.</strong></span> 
     </span>
     <span class='ocr_line' id='line_1_28' title="bbox 1262 4520 1281 4579; baseline 0 0"><span class='ocrx_word' id='word_1_164' title='bbox 1262 4520 1281 4579; x_wconf 82' lang='lat' dir='ltr'><strong>l</strong></span> 
     </span>
    </p>
   </div>
   <div class='ocr_carea' id='block_1_14' title="bbox 0 0 1662 5430">
    <p class='ocr_par' dir='ltr' id='par_1_14' title="bbox 0 0 1662 5430">
     <span class='ocr_line' id='line_1_29' title="bbox 0 0 1662 5430; baseline 0 0"><span class='ocrx_word' id='word_1_165' title='bbox 0 0 1662 5430; x_wconf 95' lang='lat' dir='ltr'><strong> </strong></span> 
     </span>
    </p>
   </div>
  </div>
 </body>
</html>
