3308 5430
532 614 574 661 nn
595 593 830 660 n’nncunvtcmt
852 611 892 658 ns
912 609 1082 660 unnnounn

342 760 427 832 Item
448 759 550 832 habet
568 757 748 852 lorisoapia
765 763 800 831 et
818 756 993 829 laudimia.

343 913 426 983 ltem
447 911 550 984 habet
576 911 707 982 curiam
724 911 944 1004 temporalem
965 933 1041 982 cnm
1059 909 1216 999 annexis,
1236 909 1365 981 scilicet

291 1037 587 1131 compositionibus
608 1043 642 1106 et
661 1035 825 1107 emendis.

341 1190 426 1262 Item
441 1189 594 1282 sigillum
613 1195 648 1260 et
662 1187 919 1260 reclamationes
937 1187 1062 1261 curiae.

341 1342 426 1414 Item
447 1340 614 1412 notariam
634 1339 758 1411 bonam
775 1339 955 1410 criminum
981 1347 1016 1412 et
1041 1363 1145 1413 unam
1166 1347 1357 1414 testamen-

291 1472 418 1536 torum.

341 1616 426 1686 Item
442 1636 559 1686 omnes
577 1614 731 1687 homines
751 1614 831 1686 dicti
846 1615 910 1687 loci
925 1623 1083 1689 tenentur
1097 1618 1209 1690 lacere
1223 1617 1359 1690 domino

290 1762 352 1811 suo
373 1739 621 1834 archiepiscopo
638 1741 870 1831 Narbonensi,
892 1741 929 1812 in
947 1743 1098 1814 novitate
1117 1756 1180 1815 sna
1201 1751 1235 1816 et
1259 1745 1361 1816 toties

289 1865 420 1958 quoties
437 1864 600 1952 voluerit,
624 1873 872 1936 sacramentum
890 1865 1078 1937 fidelitatis.

340 2015 424 2086 Item
439 2016 590 2086 consules
609 2015 650 2086 de
669 2016 786 2110 Capite
799 2017 951 2110 Stangno
967 2019 1082 2088 statim
1098 2025 1155 2111 qui
1170 2019 1267 2091 electi
1280 2028 1360 2092 sunt

290 2139 332 2210 de
361 2163 466 2227 nom,
500 2141 624 2211 debent
653 2143 878 2233 representari
920 2166 980 2235 per
1018 2145 1174 2236 antiquos
1204 2146 1358 2216 consules

291 2263 417 2334 vicario
446 2265 622 2358 temporali
651 2266 777 2336 domini
810 2267 863 2337 sui
890 2267 1150 2362 archiepiscopi,
1184 2278 1218 2342 et
1251 2270 1360 2340 eidem

292 2410 412 2481 parare
432 2395 680 2461 sacramentum
701 2391 873 2463 fidelitatis
902 2391 938 2461 in
963 2415 1141 2486 personam
1162 2393 1289 2464 domini
1306 2393 1360 2464 sui

291 2512 531 2606 archiepiscopi
556 2521 590 2584 et
611 2514 729 2607 jurare
756 2515 843 2607 quod
868 2516 952 2586 bene
976 2525 1010 2588 et
1037 2517 1181 2589 fideliter
1215 2517 1361 2588 officium

292 2638 496 2708 exercebunt
513 2637 663 2731 alioquin
683 2647 735 2710 est
748 2640 943 2710 devolutum
961 2641 1095 2731 domino
1110 2642 1359 2735 archiepiscopo

292 2761 505 2833 Narbonensi
524 2785 583 2854 pro
611 2762 782 2855 aliquibus
800 2765 909 2837 feudis
934 2776 968 2837 et
993 2768 1258 2860 possessionibus
1284 2790 1363 2859 quae

292 2895 384 2959 tenet
403 2887 439 2957 in
454 2888 524 2957 loco
550 2894 584 2958 et
598 2889 834 2960 terminalibus
848 2891 889 2961 de
903 2890 1021 2984 Capite
1036 2892 1176 2963 Stanno

341 3039 425 3109 Item
442 3039 637 3110 Bernanlus
664 3041 799 3134 Fayssii
816 3042 1035 3134 proquodam
1064 3044 1264 3115 condamina
1285 3068 1363 3137 quae

293 3163 358 3233 fuit
381 3164 530 3235 Fazaleti
554 3164 596 3235 de
617 3165 805 3257 Magalatio
830 3167 968 3237 feudum
988 3168 1190 3240 honoratum
1210 3179 1245 3241 et
1261 3169 1364 3240 affert

292 3311 396 3359 unam
414 3289 620 3360 sarcinatam
638 3290 708 3361 loni
718 3345 728 3379 ,
748 3291 849 3361 aliter
867 3300 990 3364 trossa.

768 3578 872 3649 XXll

711 3780 755 3828 ΒΕ
779 3778 943 3829 POLERIIS.

343 3961 502 4054 Sequitur
521 3961 613 4032 locus
626 3960 667 4031 de
683 3960 826 4032 Poleriis
841 3962 898 4055 qui
918 3967 969 4033 est
984 3967 1074 4032 totus
1088 3962 1213 4033 domini
1229 3963 1365 4035 archie-

294 4086 416 4179 piscopi
438 4085 693 4174 NarbonensiS,
723 4109 799 4157 cum
820 4086 1011 4157 omnimoda
1032 4087 1266 4181 jurisdictione
1292 4089 1364 4160 alta

296 4217 331 4281 et
355 4210 454 4281 bassa
468 4218 502 4282 et
518 4234 610 4281 moro
631 4233 672 4282 ac
685 4210 791 4281 mixto
808 4211 949 4304 imperio
973 4219 1007 4283 ct
1022 4212 1140 4304 primis
1158 4213 1363 4306 appellatio-

298 4332 409 4405 nibus.
