3308 5430
741 622 835 669 nlvnss
855 622 935 669 vanu

781 791 891 864 XCIII

716 994 759 1043 DE
784 994 946 1045 nameus.

346 1150 505 1242 Sequitur
524 1150 616 1220 loeus
637 1149 679 1221 (lo
699 1149 845 1241 Artigiis
865 1150 922 1242 qui
948 1157 1081 1221 nonest
1096 1150 1222 1221 domini
1241 1150 1364 1222 arehi-

295 1276 438 1369 episenpi
470 1275 719 1362 Narbonensis,
752 1274 809 1345 sed
837 1275 977 1368 percipit
1001 1298 1090 1346 aiano
1115 1275 1264 1369 quolibet
1285 1299 1364 1369 quae

296 1408 458 1493 sequntur
474 1424 533 1493 por
551 1400 715 1471 onIinom.

345 1553 458 1623 Primo
484 1552 587 1622 habet
610 1552 656 1621 ibi
679 1552 815 1644 agreria
831 1552 873 1622 de
888 1551 986 1623 blado
1006 1551 1042 1622 in
1059 1551 1212 1644 pluribus
1226 1551 1308 1623 loeis
1329 1558 1365 1623 et

295 1678 531 1749 terminalibus
553 1677 633 1748 dieti
657 1678 733 1747 Ioci.

343 1832 425 1900 Item
443 1830 618 1922 [briseapia
632 1839 666 1900 et
684 1829 846 1900 landimia
861 1830 896 1900 in
911 1829 1065 1922 pluribus
1078 1828 1357 1922 possessionibus.

770 2061 881 2131 XCIV

440 2264 483 2312 nn
508 2263 696 2313 TERMINALI
723 2262 855 2312 vocho
880 2261 1016 2312 REGALE
1042 2240 1210 2312 D’Aumns.

343 2419 501 2511 Sequitur
523 2418 700 2489 terminale
721 2425 874 2488 vocatum
896 2417 1028 2510 Regale
1055 2416 1204 2488 d’AIiers
1226 2416 1261 2486 in
1295 2438 1362 2508 quo

294 2542 464 2613 terminali
498 2542 600 2613 habet
637 2542 791 2612 dominns
821 2541 1089 2634 archiepiscopus
1125 2539 1360 2612 Narbonensis

293 2667 517 2737 omnimodam
529 2667 795 2760 jurisdictionem
816 2667 919 2738 altam
946 2676 979 2738 et
1004 2667 1139 2737 bassam
1157 2689 1197 2736 ao
1228 2687 1361 2736 merum

292 2815 331 2862 ae
352 2793 494 2863 mixtum
511 2792 689 2885 imperinm
705 2801 739 2864 ot
757 2793 883 2886 primas
901 2791 1159 2885 appellationes,

341 2946 425 3015 Item
440 2944 543 3014 habet
563 2944 610 3015 ibi
631 2967 720 3016 anno
741 2944 890 3036 quolibet
919 2944 979 3015 illa
1003 2967 1081 3037 quae
1110 2948 1274 3036 sequntur
1298 2964 1359 3035 per

292 3068 456 3140 ordinem.

341 3222 455 3291 Primo
471 3221 506 3290 in
522 3222 663 3314 pecunia
676 3221 716 3291 de
731 3244 832 3291 censu
851 3221 972 3313 viginti
989 3220 1072 3291 duos
1086 3219 1254 3291 denarios

341 3374 424 3442 Item
452 3371 555 3440 habet
581 3372 627 3440 ibi
658 3371 794 3463 agreria
820 3372 855 3440 in
882 3370 1004 3457 blado,
1039 3371 1118 3440 vino
1147 3376 1182 3440 et
1214 3370 1305 3440 seno.

341 3525 424 3593 Item
449 3523 627 3616 ibriseapia
655 3534 689 3592 et
717 3523 890 3593 laudimia.

777 3763 872 3835 XCV
925 3780 928 3785 ·

640 3965 684 4014 nn
704 3964 841 4022 oururro
866 3963 1003 4014 emona.

340 4122 497 4213 Sequitur
523 4120 655 4190 bastida
686 4121 727 4189 de
759 4119 896 4196 Quintio
924 4119 1052 4189 Baione
1091 4142 1168 4212 quae
1202 4140 1270 4188 non
1304 4125 1357 4191 est

290 4247 414 4317 domini
453 4245 692 4338 arehIepiscopi
731 4245 985 4333 Narbonensis,
1024 4243 1083 4316 sed
1123 4243 1262 4337 percipit
1306 4243 1354 4313 ibi

291 4395 379 4443 anno
408 4370 556 4464 quolibet
584 4394 660 4462 quaa
690 4379 853 4462 sequntur
876 4392 937 4462 per
966 4370 1129 4441 ordinem.
