3308 5430
530 656 570 702 on
591 636 825 704 n’nnuunvtcnrt
844 653 886 702 nu
906 650 1077 703 unnoounu
1316 637 1349 698 st

288 812 417 876 certem
432 803 624 898 pontionem
636 802 795 894 decimae,
829 809 960 897 tasquee
983 809 1018 874 et
1038 799 1232 895 premissae,
1255 804 1356 893 prout

290 930 434 1003 inferius
450 929 654 1003 continetur.

340 1090 456 1162 Primo
483 1091 520 1162 in
537 1089 678 1163 ecclesia
692 1089 734 1161 de
770 1088 896 1184 Sejanc
922 1088 1041 1182 recipit
1064 1086 1220 1159 dominus
1242 1085 1358 1159 arehi-

292 1214 465 1311 episcopus
478 1215 692 1288 medietatem
712 1213 999 1286 omniumscilicet
1012 1212 1116 1303 bladi,
1137 1212 1223 1302 vini,
1242 1212 1359 1284 oleiac

292 1339 452 1413 ortelitiae
472 1339 563 1411 ultra
580 1348 687 1412 totam
708 1338 878 1430 toscham,
896 1345 930 1412 et
949 1339 1107 1411 manuale
1127 1343 1179 1409 est
1203 1337 1355 1408 rectoris.

343 1502 428 1574 Item
442 1501 479 1571 in
493 1501 633 1610 ecclesia
646 1500 695 1597 de
705 1501 854 1574 Leucata
868 1500 986 1594 recipit
999 1499 1153 1572 dominus
1168 1498 1359 1593 archiepis-

293 1648 395 1721 copus
407 1626 623 1699 medietatem
639 1626 743 1698 totius
754 1626 894 1698 decimae
908 1625 1035 1699 scilicet
1053 1624 1157 1714 bleuti,
1175 1623 1261 1714 vini,
1279 1623 1358 1714 olei,

294 1751 531 1845 carnalagiiac
544 1751 721 1842 ortelitiae,
743 1752 892 1846 exceptis
908 1751 1173 1846 proprietatibus
1188 1751 1225 1822 in
1240 1749 1363 1844 quibus

296 1876 385 1948 nihil
404 1877 535 1971 recipit.

345 2030 429 2102 Item
450 2030 487 2100 in
498 2029 639 2102 ecclesia
658 2029 700 2102 de
714 2028 843 2101 Fitoric
859 2027 993 2102 tertiam
1008 2035 1140 2122 partem
1156 2027 1258 2101 totius
1272 2027 1364 2101 deci-

299 2177 380 2226 mee.

349 2308 432 2379 Item
465 2306 502 2378 in
531 2306 672 2379 ecclesia
699 2306 740 2378 de
770 2307 895 2380 Troliis
925 2307 1044 2402 recipit
1068 2305 1205 2380 tertiam
1233 2312 1364 2400 partem

302 2428 406 2501 totius
424 2427 578 2502 decimae.
772 2437 774 2440 ⁴

350 2590 435 2661 Item
457 2589 495 2660 in
515 2590 655 2663 ecclesIa
671 2589 714 2663 de
732 2590 889 2663 Fulhcnc
904 2597 938 2664 et
956 2591 1056 2664 Ortos
1075 2591 1193 2687 recipit
1210 2597 1367 2687 quartem

304 2720 435 2808 partem
457 2715 561 2787 totius
577 2714 729 2788 deoimae.

351 2875 436 2947 Item
455 2875 492 2945 in
518 2876 658 2949 ecclesia
671 2876 713 2949 de
736 2877 887 2949 Fraxino
907 2877 1025 2976 recipit
1051 2885 1207 2972 quartam
1237 2885 1370 2975 partem

304 2999 409 3072 tetius
425 3000 578 3074 decimae.

352 3153 437 3224 Item
465 3153 502 3224 in
528 3142 668 3225 ecclesia
694 3153 736 3226 de
757 3154 917 3226 Durbanc
942 3153 1061 3249 recipit
1080 3154 1217 3228 tertiam
1239 3162 1371 3250 partem

304 3277 410 3350 totius
429 3276 580 3350 decimae.

355 3439 439 3509 Item
457 3437 493 3507 in
512 3437 651 3510 ecclesie
668 3438 710 3510 de
722 3439 816 3510 Villa
836 3440 932 3512 Sicca
949 3447 1106 3535 quartam
1121 3446 1252 3535 partem
1266 3441 1371 3513 totius

305 3560 445 3633 decimae
462 3561 578 3651 bladi,
605 3563 696 3652 vini,
727 3565 935 3658 carnaIagii,
953 3565 1040 3656 olei,
1067 3566 1228 3638 ortalitiee
1243 3572 1278 3637 et
1292 3589 1371 3637 om-

307 3686 402 3757 nium
415 3685 560 3757 afiorum
575 3709 875 3782 quorumcumque.

358 3847 404 3919 Et
422 3847 459 3917 in
485 3848 629 3919 termino
654 3849 696 3921 de
720 3850 948 3922 Montanhcco
969 3849 1064 3923 etde
1084 3851 1193 3924 Gleno
1215 3850 1378 3923 dividitur
1439 3903 1442 3909 -

308 3971 344 4041 in
360 3972 508 4064 quinque
517 3978 551 4044 et
563 3980 633 4044 tres
653 3981 779 4067 parteS,
800 3973 956 4046 dominus
970 3974 1240 4070 archiepiscopus
1258 3977 1377 4071 recipit

312 4102 382 4166 tres
403 4103 437 4167 et
454 4103 563 4168 rector
577 4097 738 4191 quinque.

363 4256 447 4328 Item
465 4257 502 4327 in
517 4257 657 4330 ecclesia
673 4259 715 4331 de
733 4259 889 4332 Rcffiano
907 4266 1064 4353 quartem
1087 4267 1219 4355 partem
1239 4260 1379 4336 decimae

316 4379 429 4472 bladi,
446 4382 541 4473 vini,
558 4383 647 4471 clei,
664 4384 853 4497 oarnclagii
866 4391 901 4458 et
915 4385 1089 4460 ortelitiae.
