3308 5430
530 661 571 707 mr
591 641 826 708 u’uucuuvtcud
846 659 887 705 nu
907 656 1077 708 uuaaouuu
1317 640 1350 701 81

340 808 423 879 Item
450 805 486 876 iu
514 806 659 877 termino
677 813 712 877 et
738 803 935 877 castellania
963 802 1005 876 de
1030 801 1218 881 Querbusio
1252 805 1358 872 totam

289 933 454 1005 decimam
474 938 509 1003 et
527 930 745 1024 praemitiam.

340 1085 424 1156 Item
440 1084 475 1154 iu
493 1083 633 1154 ecclesia
652 1082 694 1154 de
712 1081 864 1174 Solatgio
883 1087 1039 1174 quartam
1064 1085 1195 1172 partem
1219 1077 1359 1151 decimae

292 1216 327 1282 et
340 1208 532 1304 praemitiae.

340 1362 424 1433 Item
439 1360 475 1429 in
496 1358 636 1430 ecclesia
653 1358 694 1429 de
709 1357 858 1429 duriaco
879 1363 1036 1451 quartam
1062 1362 1194 1450 partem
1218 1355 1359 1429 decimae

292 1491 327 1557 et
347 1484 531 1579 praemitiae
545 1491 580 1555 et
600 1489 769 1576 tauquam.

342 1637 426 1708 Item
447 1635 484 1707 iu
501 1633 642 1707 ccclesia
658 1634 700 1706 de
715 1633 864 1706 Alberiis
891 1641 1047 1726 quartam
1067 1640 1199 1728 partem
1221 1634 1360 1708 decimae

293 1769 328 1833 et
342 1761 521 1855 praemitiae
542 1769 576 1832 et
591 1768 746 1853 tasquam
762 1761 798 1831 iu
819 1765 930 1853 parte.

343 1913 427 1984 Item
441 1914 478 1984 iu
498 1913 638 1986 ecclesia
649 1912 692 1985 de
710 1911 881 1983 Alanheto
899 1918 1055 2005 quartam
1077 1918 1208 2006 partem
1222 1911 1362 1984 decimae

294 2043 329 2110 et
341 2039 535 2132 praemitiae.

343 2191 428 2260 Item
448 2189 484 2258 iu
504 2187 644 2260 ecclesia
658 2188 700 2260 de
727 2186 870 2261 Salsauo
893 2194 1051 2281 quartam
1074 2192 1205 2280 partem
1222 2186 1362 2260 decimae

296 2320 331 2384 et
350 2311 539 2405 praemitiae.

345 2464 428 2536 Item
453 2464 490 2534 in
520 2463 661 2536 ecclesia
690 2464 732 2535 de
764 2463 875 2536 Vinea
910 2462 1023 2534 Veteri
1055 2468 1211 2555 quartam
1232 2469 1362 2556 partem

296 2587 435 2661 decimae
454 2596 488 2661 et
508 2589 700 2682 praemitiae.

345 2741 429 2812 Item
450 2740 486 2810 in
502 2739 641 2812 echeSIa
654 2739 696 2810 de
719 2739 891 2810 Durofurti
907 2745 1064 2833 quartam
1078 2745 1210 2832 partem
1223 2736 1364 2811 decimae
1458 2728 1462 2735 ’

281 2882 285 2887 '
298 2872 333 2938 et
348 2864 540 2959 praemitiae.

346 3018 430 3088 Item
443 3016 480 3086 in
495 3016 635 3089 ecclesia
649 3016 691 3089 de
715 3017 869 3088 Massaco
887 3022 1043 3109 quartam
1071 3021 1202 3110 partem
1226 3015 1365 3087 decimae

298 3149 333 3215 et
350 3141 529 3236 praemitiae
543 3149 577 3212 et
591 3147 746 3234 tasquam
768 3141 804 3211 iu
820 3141 910 3213 valle
928 3141 970 3214 de
989 3139 1189 3212 SedeIhanO.

348 3295 432 3364 Item
465 3294 501 3363 iu
532 3293 672 3364 ecclesia
701 3294 742 3364 de
770 3293 1012 3366 Darnacolecta
1046 3300 1203 3386 quartam
1234 3299 1365 3385 partem

298 3419 437 3490 decimae
457 3426 491 3489 et
508 3418 688 3511 praemitiae
702 3427 737 3489 et
756 3418 847 3489 ultra
863 3427 1031 3511 tasquam.

348 3579 432 3651 Item
451 3579 488 3658 iu
508 3577 648 3650 ecclesia
664 3578 706 3649 de
730 3577 859 3649 Felinis
887 3584 1044 3672 quartam
1065 3584 1195 3672 partem
1226 3577 1365 3649 decimae

300 3710 335 3775 et
349 3702 540 3796 praemitiae.

350 3866 433 3936 Item
446 3865 483 3934 iu
494 3863 634 3935 ecclesia
648 3863 690 3935 de
704 3864 857 3938 Dthaco
872 3870 1028 3957 quartam
1044 3864 1210 3958 [partem]
1228 3863 1367 3936 decimae

301 3998 336 4062 et
353 3989 534 4084 praemitiae
552 3988 607 4060 vel
627 3990 737 4081 quasi.

351 4151 434 4220 Item
455 4148 491 4218 iu
511 4149 651 4220 ecclesia
666 4150 707 4221 de
721 4149 877 4221 Rcffiano
903 4157 1059 4242 quartam
1080 4164 1209 4243 partem
1230 4148 1369 4221 decimae

301 4279 337 4344 et
368 4272 547 4365 praemitiae
579 4281 613 4343 et
647 4274 861 4367 ultraquam
889 4273 1089 4367 praepositus
1120 4274 1200 4344 Iacit
1229 4273 1367 4344 domino

302 4398 479 4469 annuatim
502 4420 607 4469 uuum
628 4392 807 4470 sestarium
826 4398 1001 4472 frumenti.

1225 4526 1243 4585 6
