3308 5430
469 630 510 677 nn
529 608 825 679 amensamens
845 624 1016 677 annuorum
1256 606 1296 670 57

227 775 377 872 quolibet
412 798 489 870 quae
525 780 688 868 sequntur
723 798 783 868 per
826 772 978 846 ordinem
1019 778 1118 866 prout
1154 768 1298 843 inferius

226 900 428 974 continetur.

278 1086 392 1158 Primo
410 1086 446 1157 in
464 1086 548 1159 villa
568 1085 610 1159 de
628 1085 845 1181 Perpinhano
857 1085 1013 1157 dominus
1026 1082 1297 1178 archiepiscopus

227 1211 458 1285 Narbonensis
476 1210 580 1283 habet
598 1210 635 1280 in
653 1210 798 1303 hospitio
819 1217 936 1282 vocato
952 1209 993 1282 de
1014 1209 1138 1282 Caudis
1155 1211 1192 1281 in
1207 1210 1297 1283 dicta

228 1336 312 1408 villa
327 1335 462 1421 situato,
482 1335 646 1407 directum
660 1335 846 1406 dominium
857 1342 892 1407 et
906 1334 1122 1428 forisoapium
1137 1341 1172 1407 et
1187 1335 1295 1407 laudi·

229 1460 360 1548 mium,
384 1460 413 1531 si
433 1460 609 1553 contingat
629 1458 755 1531 dictum
770 1458 955 1553 hospitium
969 1458 1069 1530 vendi
1086 1458 1139 1530 vel
1155 1458 1297 1551 quovis·

229 1584 327 1658 modo
347 1584 504 1657 alienari.

278 1771 363 1842 Item
398 1770 671 1864 quotiescumque
705 1770 872 1864 contingit
906 1769 1078 1841 dominum
1108 1769 1299 1863 archiepis-

229 1916 348 1988 oopum
389 1895 645 1966 Narbonensem
685 1894 839 1967 incedere
883 1895 934 1967 vel
970 1894 1109 1984 venire,
1144 1893 1300 1965 dominus

230 2019 366 2113 praefati
391 2018 529 2113 hospitii
557 2018 599 2090 de
629 2018 753 2091 Caudis
783 2019 883 2091 debet
914 2019 1084 2091 dimittere
1116 2019 1299 2112 hospitium

230 2143 364 2216 domino
383 2144 631 2238 archiepiscopo
649 2151 684 2216 et
701 2145 860 2238 gentibus
884 2145 954 2215 suis
977 2151 1012 2216 et
1035 2167 1112 2216 eum
1138 2143 1298 2236 quamdiu

231 2268 278 2339 ibi
294 2292 367 2341 esse
385 2268 531 2340 voluerit
549 2269 710 2362 recipere,
728 2277 763 2341 et
785 2269 1005 2340 nihilominus
1029 2277 1163 2340 tenetur
1181 2269 1246 2339 sibi
1264 2274 1299 2338 et

231 2394 390 2486 gentibus
409 2394 480 2465 suis
500 2402 534 2466 et
552 2417 630 2466 eum
650 2394 810 2487 quamdiu
829 2394 876 2464 ibi
896 2395 962 2464 erit
987 2394 1028 2466 de
1047 2393 1179 2488 mappis
1202 2393 1298 2464 bonis

231 2526 265 2590 et
299 2518 546 2590 sufficientibus
582 2542 623 2590 ao
654 2520 757 2591 etiam
797 2519 838 2590 de
869 2520 1036 2610 scutellis,
1060 2519 1226 2591 incisoriis
1259 2543 1300 2591 ac

231 2642 412 2737 grasaletis
431 2643 555 2737 ligneis
570 2651 603 2716 et
617 2643 713 2716 lectis
728 2651 762 2715 et
777 2643 854 2715 aliis
869 2643 1022 2717 minutis.

280 2831 364 2902 Item
391 2829 490 2902 debet
516 2830 641 2902 dictum
675 2831 858 2925 hospitium
885 2832 1035 2924 quolibet
1057 2856 1146 2904 anno
1166 2832 1300 2905 domino

231 2956 479 3049 archiepiscopo
493 2956 707 3029 Narbonensi
725 2979 831 3027 unum
846 2957 1087 3030 marbotinium
1101 2958 1142 3030 de
1156 2966 1300 3052 argento

233 3081 368 3153 valente
384 3088 512 3174 septem
528 3081 650 3153 solidos
665 3081 757 3152 illius
776 3088 933 3154 monetae.

282 3269 367 3339 ltem
411 3267 567 3338 dominus
611 3267 881 3362 archiepiscopus
921 3269 1153 3341 Narbonensis
1197 3270 1300 3342 habet

232 3392 397 3465 directum
430 3392 616 3464 dominium
652 3394 688 3463 in
721 3394 866 3486 quadam
901 3394 1109 3487 possessione
1154 3394 1220 3466 sita
1265 3395 1300 3465 in

233 3518 383 3590 ortahtia
403 3518 444 3589 de
464 3517 682 3612 Perpinhano
709 3519 746 3588 in
767 3519 937 3591 terminali
959 3520 1073 3591 Sancti
1093 3521 1244 3611 Genesii,
1265 3520 1300 3590 in

234 3666 301 3736 qua
325 3643 534 3738 possessione
564 3644 738 3716 consuevit
769 3667 842 3716 esse
871 3645 1098 3717 molendinum
1128 3669 1233 3717 unum
1261 3645 1303 3718 de

234 3790 323 3861 aqua
343 3775 377 3839 et
395 3767 610 3860 forisoapium
634 3775 668 3839 et
691 3768 906 3858 laudimium‚
932 3769 960 3840 si
985 3770 1160 3863 contingat
1179 3770 1303 3842 dictam

236 3894 477 3987 possessionem
495 3892 594 3965 vendi
610 3893 665 3964 vel
685 3893 786 3964 aliter
804 3893 1008 3985 quomohbet
1025 3895 1182 3967 alienari.

285 4090 369 4160 ltem
387 4088 476 4161 dicta
492 4089 656 4182 possessio
673 4089 772 4161 debet
785 4091 933 4182 quolibet
948 4115 1037 4162 anno
1056 4092 1304 4187 archiepiscopo

236 4215 449 4285 Narbonensi
475 4213 516 4284 de
542 4237 644 4285 censu
671 4237 775 4285 unum
805 4216 1033 4287 marbotinum
1060 4216 1102 4288 de
1133 4228 1299 4312 argento;

238 4339 328 4411 valet
346 4346 472 4433 septem
494 4339 616 4410 solidos
635 4339 904 4430 barcelonenseS,
923 4341 1021 4414 hodie
1039 4349 1176 4415 vacuat.-
