3308 5430
512 652 552 699 on
572 634 807 700 n'ancunvnunn
827 650 868 697 or
888 648 1059 699 nannenus
1299 633 1356 695 ⁴27

338 799 422 869 itam
438 797 541 868 habet
555 796 694 868 indicto
709 797 779 867 loco
804 795 941 889 agreria
957 850 967 884 ‚
995 802 1151 887 tasquas,
1186 766 1354 882 temones}

290 929 448 1017 quartum
462 931 496 994 et
510 922 678 1016 quintum.
1096 924 1099 930 '

341 1075 425 1147 ltem
443 1074 606 1167 accapita.

246 1321 249 1324 Α
342 1227 426 1297 Item
445 1225 624 1318 foriscapia
643 1230 678 1296 et
697 1222 872 1295 laudimia.

341 1378 425 1449 ltem
439 1377 568 1449 curiam
582 1375 801 1470 temporalem
815 1399 891 1446 cum
906 1374 1061 1463 annexis,
1078 1374 1205 1446 scilicet
1218 1395 1358 1466 compo-

294 1501 472 1573 sitionibus
487 1510 521 1571 et
539 1500 701 1572 emendis,

342 1662 426 1733 Item
440 1661 606 1732 notariam
632 1683 710 1752 quae
741 1660 823 1730 facit
850 1659 891 1730 de
911 1659 1076 1752 pentione
1095 1680 1185 1730 anno
1209 1657 1361 1750 quolibet

293 1785 426 1857 domino
440 1786 688 1879 archiepiscopo
707 1793 843 1857 centum
861 1784 996 1856 solidos.

343 1946 426 2017 Item
442 1947 608 2017 notariam
636 1945 677 2017 de
704 1945 897 2017 Lesinhano
917 1951 1194 2015 testamentorum
1215 1952 1249 2015 et
1269 1965 1362 2035 nup-

295 2068 441 2155 tiarum3
463 2069 543 2140 facit
560 2068 601 2163 de
616 2070 772 2162 pentione
793 2091 882 2139 anno
913 2068 1062 2160 quolibet
1089 2066 1224 2138 domino
1244 2066 1360 2137 archi·

295 2195 447 2289 episcopo
466 2193 680 2264 Narbonensi
699 2194 925 2286 quadraginta
947 2192 1080 2264 solidos

344 2355 428 2427 Item
446 2377 562 2426 omnes
591 2353 744 2425 homines
776 2353 975 2437 deCaneto
996 2359 1154 2424 tenentur
1174 2351 1302 2439 facere,
1326 2349 1362 2419 in

297 2479 445 2550 novitate
464 2480 590 2550 domini
603 2480 655 2550 sui
667 2479 906 2572 archiepiscopi
926 2486 960 2550 et
972 2478 1072 2550 toties
1086 2477 1216 2570 quoties
1244 2475 1363 2546 volue-
1393 2547 1396 2552 .

297 2605 354 2694 rit,
378 2611 625 2676 sacramentum
637 2604 821 2676 fidelitatis·

771 2890 899 2960 CXVII

655 3115 697 3164 DE
723 3116 833 3166 FONTE
859 3115 1002 3165 ERECTO.

345 3297 503 3389 Sequitur
517 3296 558 3367 de
577 3274 684 3367 Fonte
705 3298 822 3367 Erecto
841 3297 898 3389 qui
923 3305 975 3367 est
993 3303 1083 3366 totus
1102 3295 1227 3365 domini
1244 3294 1363 3365 archi-

296 3422 440 3514 episcopi
462 3421 693 3494 Narbonensis
722 3445 798 3492 cum
827 3421 1018 3492 omnimoda
1039 3420 1273 3513 jurisdictione
1293 3419 1365 3490 alta

297 3553 331 3616 et
349 3546 449 3617 bassa
462 3554 496 3617 et
517 3569 609 3616 mero
624 3569 663 3617 ac
681 3547 786 3617 mixto
801 3545 942 3638 imperio
958 3553 993 3616 et
1014 3545 1132 3637 primis
1159 3544 1365 3638 appellatio·

297 3671 409 3741 nibus

346 3835 428 3904 item
451 3833 553 3903 habet
570 3833 725 3903 dominus
749 3832 1017 3925 archiepiscopus
1037 3833 1073 3902 in
1093 3831 1180 3901 dicto
1200 3831 1270 3902 loco
1285 3853 1364 3923 quae

297 3967 460 4048 sequntur
481 3956 721 4048 perordinem.

348 4119 462 4189 Primo
482 4117 585 4187 habet
603 4118 649 4187 ibi
673 4140 775 4186 unam
797 4116 994 4194 fortalitiam
1018 4140 1094 4187 cum
1120 4139 1189 4187 una
1217 4117 1303 4187 turri
1332 4123 1366 4186 et

299 4242 463 4336 cappella.

350 4396 433 4464 item
452 4393 556 4463 habet
576 4392 622 4462 ibi
641 4391 857 4463 condaminas
881 4407 915 4463 et
934 4391 1186 4484 possessiones,
1205 4398 1313 4464 terras
1333 4398 1368 4463 et
