3308 5430
530 649 570 696 nn
590 630 825 697 c’nucnnvtcnd
846 648 886 695 nn
906 646 1075 696 nsunounn
1317 632 1355 694 53

338 800 423 871 Item
443 795 546 868 habet
564 793 721 865 dominus
741 793 1011 888 archiepiscopus
1036 793 1072 864 in
1092 793 1180 866 dicto
1194 794 1265 866 loco
1280 815 1357 888 quae

290 930 453 1018 sequntur
467 943 527 1016 per
542 918 704 991 ordinem.

338 1074 454 1146 Primo
468 1078 616 1144 castrum
635 1093 734 1141 suum
748 1071 921 1164 proprium
936 1093 1013 1142 oum
1030 1070 1186 1141 annexis

339 1228 422 1297 Item
446 1246 552 1295 unum
573 1221 802 1293 molendinum
832 1223 1004 1317 proprium
1030 1221 1071 1294 de
1099 1245 1188 1315 aqua
1214 1228 1358 1316 quatuor

290 1359 465 1438 rotarum,
489 1347 576 1441 quod
597 1347 770 1418 consuevit
793 1348 1014 1418 communiter
1039 1346 1215 1419 arrendari
1236 1355 1357 1417 octua-

290 1477 387 1571 ginta
402 1474 507 1547 libras
522 1472 776 1545 barcelonenses
796 1482 831 1544 et
849 1472 952 1544 ultra.

339 1628 424 1697 Item
459 1648 564 1696 unum
594 1623 778 1716 hospitium
805 1623 840 1693 in
871 1645 937 1715 quo
961 1632 1040 1694 sunt
1068 1622 1133 1695 duo
1163 1623 1256 1695 furni
1278 1621 1357 1694 honi

290 1773 365 1820 cum
393 1748 570 1837 districtu,
598 1746 686 1840 quod
707 1746 919 1817 consueverit
942 1747 1164 1819 communiter
1183 1746 1357 1820 arrendari

290 1883 433 1967 quatuor
453 1871 551 1942 libris
566 1870 873 1943 barcelonensibus

338 2018 421 2087 Item
445 2013 548 2085 habet
576 2013 624 2083 ibi
657 2035 763 2084 unum
798 2012 1026 2084 molendinum
1062 2013 1218 2110 drapier
1237 2013 1272 2084 in
1294 2034 1359 2106 quo

292 2147 456 2235 parantur
476 2138 593 2233 panni.

339 2283 423 2353 Item
437 2280 542 2352 habet
560 2280 773 2353 medietatem
795 2281 1008 2370 bannorum,
1033 2281 1103 2352 alia
1129 2280 1290 2354 medietas
1309 2289 1361 2354 est

289 2406 552 2479 communitatis

338 2551 421 2621 Item
450 2548 577 2619 cridam
601 2555 635 2618 et
664 2503 864 2640 inquantum
888 2571 966 2639 quae
992 2548 1074 2620 facit
1101 2548 1251 2642 quolibet
1271 2571 1361 2620 anno

289 2674 331 2746 de
344 2696 447 2745 censu
461 2672 633 2743 duodecim
648 2670 815 2743 denarios

339 2827 423 2897 Item
458 2824 560 2895 hahet
597 2824 643 2893 ihi
676 2821 860 2893 ortalitiam
896 2823 941 2894 ibi
976 2825 1099 2896 honam
1129 2826 1171 2897 de
1201 2825 1359 2897 omnibus

289 2948 454 3018 fructibus
474 2955 576 3019 terrae
600 2969 677 3018 oum
700 2948 846 3040 agrariis
868 2949 977 3020 honis.

340 3100 423 3171 Item
442 3107 493 3171 est
517 3122 621 3169 unum
642 3098 870 3171 molendinum
895 3100 930 3169 in
961 3102 1134 3173 terminali
1158 3102 1199 3173 de
1227 3101 1360 3196 Apiano

290 3231 444 3294 vocatum
467 3222 695 3294 molendinum
722 3224 814 3295 Petri
845 3223 886 3295 de
913 3225 1035 3315 Mora,
1069 3227 1157 3318 quod
1187 3231 1360 3298 tenetura

288 3347 422 3417 domino
431 3347 680 3440 archiepiscopo
690 3348 902 3419 Narbonensi
916 3349 979 3418 suh
989 3350 1197 3443 prestatione
1207 3349 1358 3443 homagii

290 3471 400 3564 ligurii
416 3479 451 3543 et
464 3494 583 3542 census
598 3472 703 3542 annui
717 3472 843 3542 scilicet
857 3480 992 3542 centum
1006 3472 1202 3564 solidorum,
1220 3497 1360 3568 compu-

290 3604 406 3667 tantur
424 3595 461 3666 in
478 3597 646 3668 censibus.

339 3749 422 3819 Item
442 3747 545 3819 hahet
568 3747 615 3817 ibi
638 3748 787 3818 boeriam
800 3770 809 3834 3
839 3771 955 3818 omnes
973 3747 1127 3820 homines
1156 3750 1197 3821 de
1225 3751 1359 3844 Apiano

291 3874 454 3944 hahentes
491 3872 654 3943 animalia
689 3896 908 3965 quaecumque
940 3872 1009 3943 sint
1041 3896 1101 3966 pro
1132 3875 1356 3968 agricultura,

291 4006 448 4069 tenentur
483 3997 593 4068 facere
628 4020 717 4067 anno
750 3997 898 4088 quolibet
934 3997 1069 4068 domino
1110 3999 1359 4096 archiepiscopo

291 4145 396 4192 unum
430 4121 564 4214 jornale
594 4121 635 4191 de
667 4128 781 4191 aratro
815 4122 857 4191 ad
891 4129 1016 4192 terram
1051 4123 1293 4209 colorandam,
1325 4134 1360 4198 et

290 4245 443 4316 domiuus
468 4243 736 4338 archiepiscopus
760 4251 895 4317 tenetur
922 4246 971 4318 eis
994 4246 1105 4319 facere
1129 4270 1295 4342 expensas
1320 4251 1357 4321 in

291 4368 365 4439 cibo
383 4377 417 4439 et
437 4376 516 4463 potu
535 4368 655 4440 solum.
691 4384 694 4390 '
