3308 5430
300 624 319 683 2
738 634 829 680 invuu
852 635 930 682 vuu'r

347 781 430 850 Item
447 780 483 849 in
501 779 587 849 dicto
603 778 741 873 palatio,
756 778 845 850 inter
862 779 982 849 turrim
993 778 1178 850 beatissimi
1195 778 1366 850 Martialis

298 930 319 975 a
339 913 434 998 parte
453 904 638 990 carrieriau,
657 922 736 974 sunt
751 903 898 995 quinque
913 904 1102 996 operatoria
1117 903 1290 986 conducta,
1307 927 1368 998 per

297 1027 468 1098 domiuum
498 1050 609 1098 meum
635 1028 773 1099 Petrum
803 1028 844 1099 dc
873 1027 1007 1099 ludicia
1025 1050 1114 1099 nunc
1129 1028 1365 1122 praesideutem

297 1159 499 1236 constructa,
520 1175 597 1245 quae
624 1152 737 1225 valent
764 1152 997 1224 communibus
1026 1153 1125 1224 annis
1144 1174 1237 1225 cxxx
1259 1154 1364 1225 flore-

298 1300 371 1349 nos.

348 1438 432 1507 Item
454 1437 556 1507 habet
575 1435 667 1507 aliud
688 1437 851 1529 palatium
866 1436 924 1506 alii
944 1435 1153 1529 contiguum,
1175 1437 1294 1529 inquo
1314 1449 1367 1510 est

296 1563 447 1655 cappella
476 1562 609 1633 Sanctae
641 1562 857 1654 Magdaleuau
889 1561 972 1631 satis
1007 1561 1167 1654 pulchra,
1200 1569 1234 1632 et
1259 1562 1365 1633 turris

295 1687 436 1780 antiqua
451 1709 528 1779 quae
545 1688 718 1756 cousuevit
737 1682 810 1757 esse
830 1686 1017 1779 campanile
1038 1686 1188 1758 ecclesiae
1213 1686 1364 1779 antiquae

295 1811 539 1900 Narbonensis
561 1819 595 1882 et
613 1834 672 1904 per
691 1811 951 1882 transactionem
977 1817 1040 1881 etc.

346 1973 429 2043 ltem
470 1970 591 2042 habet
610 1971 658 2040 ibi
691 1970 819 2042 curiam
851 1970 1004 2042 officialis
1035 1970 1242 2041 ordinariam
1267 1969 1365 2041 valde

297 2098 500 2190 solempnem
522 2119 597 2166 cum
619 2101 782 2185 annexis,
810 2096 936 2167 scilicet
967 2095 1202 2167 emolumentis
1234 2095 1361 2189 sigilli,

297 2245 384 2315 pena
404 2245 508 2310 cerae,
530 2221 823 2314 compositionibus
842 2230 875 2291 ot
892 2220 1042 2292 emendis
1056 2220 1099 2290 ad
1121 2221 1231 2291 forum
1251 2220 1362 2292 eccle-

243 2418 246 2425 ,
298 2346 467 2417 siasticum
485 2345 743 2439 pertinentibus.

347 2509 430 2577 ltem
449 2505 552 2576 habat
570 2505 616 2574 ibi
637 2505 801 2574 notariam
819 2505 853 2573 in
866 2503 1210 2576 dictacuriamultum
1223 2503 1359 2592 bonam;

296 2655 373 2724 quae
392 2630 526 2722 quidem
546 2629 677 2699 notaria
696 2630 776 2700 facit
791 2629 966 2699 annuatim
977 2684 986 2718 ,
1008 2629 1044 2698 iu
1060 2630 1145 2698 sesto
1163 2628 1363 2700 Natiuitatis

296 2755 450 2842 Domini,
473 2753 645 2824 duodecim
656 2754 761 2824 libras
773 2778 872 2842 cerae,
894 2761 993 2846 prout
1008 2753 1042 2822 iu
1054 2752 1141 2824 libro
1157 2752 1361 2824 usaticorum

294 2880 436 2950 inferius
458 2879 685 2973 [contineturl.

345 3043 426 3112 ltem
447 3041 525 3111 licet
545 3039 697 3111 officialis
728 3040 772 3110 sit
796 3039 901 3131 judex
930 3037 1194 3132 appellationum
1206 3059 1216 3125 ;
1247 3047 1360 3110 tamen

294 3165 511 3237 habetalium
520 3165 667 3258 judicem
679 3172 713 3236 et
723 3165 851 3235 curiam
862 3163 1123 3257 appellationum
1137 3186 1213 3234 cum
1229 3162 1361 3234 notaria

295 3299 329 3362 et
342 3291 420 3362 aliis
438 3291 593 3362 annexis.

344 3453 429 3522 Item
447 3449 550 3521 habet
564 3450 599 3519 in
618 3449 755 3520 civitate
770 3456 804 3519 et
818 3450 854 3518 in
876 3449 984 3541 burgo
999 3449 1170 3519 Narbonae
1189 3455 1223 3520 et
1244 3470 1361 3519 eorum

293 3575 483 3664 suburbiis,
506 3575 540 3645 in
560 3568 660 3645 certis
675 3573 756 3644 locis
775 3584 808 3644 et
826 3573 1071 3662 terminalibus,
1091 3571 1359 3666 jurisdictionem

291 3702 396 3772 altam
418 3712 451 3771 et
466 3701 600 3771 bassam
619 3722 695 3769 cum
715 3721 807 3769 mero
822 3706 856 3768 et
869 3698 975 3769 mixto
990 3698 1144 3790 imperio.

341 3864 425 3933 item
443 3862 561 3932 domus
582 3867 616 3931 et
646 3859 793 3952 hospitia
822 3858 1017 3929 clericorum
1045 3865 1079 3928 et
1105 3857 1251 3927 militum
1283 3878 1359 3948 quae
1426 3902 1430 3908 -

291 3995 370 4057 sunt
385 3986 420 4055 iu
441 4009 482 4056 ea
501 3992 597 4078 parte
610 3984 757 4055 civitatis
779 4006 879 4076 quam
893 3992 985 4053 tenet
1002 3981 1156 4052 dominus
1176 3981 1359 4052 vicecomes

290 4111 334 4182 ab
365 4135 405 4182 eo
441 4119 474 4180 et
505 4111 644 4181 ecclesia
685 4109 915 4196 Narbonensi,
953 4115 1032 4177 suut
1064 4107 1100 4176 in
1125 4105 1359 4199 jurisdictione

290 4235 416 4306 domini
445 4233 676 4304 Narbonensis
704 4230 964 4324 archiepiscopi,
996 4225 1094 4322 prout
1127 4230 1163 4300 in
1199 4228 1358 4321 homagio

291 4360 434 4454 quodam
455 4357 640 4431 vicecomiti
661 4358 748 4428 facto
768 4355 968 4428 continetur.
