3308 5430
530 613 571 663 nn
590 595 826 664 n’nncnnrtcnn
847 612 889 662 un
908 611 1078 663 umnouun
1319 599 1358 661 ia

339 754 424 830 Item
449 776 557 830 unum
585 762 747 851 stagnum
764 761 922 830 vocatum
947 757 980 830 lo
1013 755 1149 828 Douilh
1180 778 1258 829 cum
1289 778 1359 828 una
1491 849 1494 854 Ι

289 882 403 955 insula
414 881 502 955 dicto
521 889 645 976 stagno
658 882 837 976 contigue,
870 883 907 953 in
924 902 992 976 que
1014 880 1128 954 insule
1143 887 1196 954 est
1221 879 1359 955 devesia

290 1006 400 1079 omnis
413 1007 604 1081 venationis
622 1030 700 1080 cum
715 1029 817 1103 pene.

339 1161 424 1232 Item
440 1159 546 1232 hebet
560 1159 774 1232 venationem
787 1160 904 1231 evium
918 1160 955 1232 in
968 1158 1067 1233 dictis
1080 1158 1210 1232 duobus
1225 1157 1358 1252 stagnis

291 1306 368 1381 quae
387 1285 536 1379 quolibet
556 1308 646 1357 anno
665 1284 879 1357 emendatur.

339 1439 424 1510 Item
436 1436 542 1509 habet
554 1437 772 1531 piscationem
791 1437 935 1510 duorum
952 1444 1164 1532 stagnorum.

339 1589 424 1661 Item
438 1594 519 1661 sunt
530 1588 723 1662 molendina
739 1588 776 1661 in
796 1590 868 1662 loce
880 1589 922 1662 de
942 1589 1122 1680 Petriac0,
1145 1588 1205 1663 scd
1221 1589 1358 1662 solvunt

291 1736 428 1786 censum
442 1735 608 1785 annuum.

340 1866 425 1938 Item
439 1864 544 1938 habet
563 1865 599 1935 in
616 1864 704 1937 dicto
718 1865 789 1938 1000
803 1864 932 1939 cridam
950 1873 984 1938 et
999 1864 1212 1960 inquantum.

341 2018 426 2090 Item
441 2016 568 2089 banna.

340 2171 425 2242 Item
455 2193 572 2243 omnes
592 2170 746 2242 homines
763 2171 842 2242 dicti
871 2171 935 2243 loci
961 2170 1084 2243 debent
1108 2178 1287 2266 apportare
1313 2169 1357 2241 ed

291 2295 467 2368 cellarium
486 2294 612 2367 domini
627 2295 867 2390 archiepiscopi
884 2296 1041 2389 expensis
1060 2297 1131 2368 suis
1149 2303 1254 2368 totam
1275 2294 1358 2390 vin-

291 2419 436 2492 demiam
449 2420 491 2493 de
505 2420 643 2494 decimis
658 2428 692 2493 et
712 2422 841 2515 tesquis
864 2420 907 2493 ed
934 2420 1107 2493 deminum
1131 2420 1359 2516 archiepisco-

291 2568 372 2640 pum
390 2546 649 2640 pertinentibus.

770 2752 894 2824 XXIX

649 2953 732 3003 mnu
757 2953 801 3003 un
826 2952 1007 3004 ennumcu

340 3108 502 3203 Sequitur
520 3130 641 3181 census
663 3107 822 3180 annualis
851 3107 930 3180 dicti
965 3106 1029 3181 loci
1063 3107 1197 3182 debitus
1224 3107 1360 3182 dominc

293 3234 541 3330 archiepiscopo
561 3234 788 3307 Narbonensi.

341 3385 457 3459 Primo
476 3387 514 3459 in
527 3387 669 3482 pecunia
688 3393 758 3458 tres
776 3385 906 3476 libres,
924 3385 1007 3458 duos
1030 3384 1170 3476 solidos,
1205 3383 1360 3457 undecim

292 3511 461 3586 denarios.

342 3666 426 3738 Item
443 3663 485 3736 de
498 3663 668 3738 frumento
687 3663 729 3735 de
741 3685 844 3736 censu
865 3661 990 3757 viginti
1004 3662 1072 3735 tria
1087 3660 1249 3769 sestaria,
1276 3659 1361 3734 duas

295 3790 496 3886 quarterius.

342 3941 428 4012 Item
440 3939 483 4011 de
496 3937 597 4012 ordeo
620 3937 849 4033 quadraginta
874 3937 941 4010 duc
967 3937 1130 4030 sestaria,
1159 3946 1229 4012 tres
1250 3961 1359 4033 quer-

293 4066 411 4140 terias.

342 4219 428 4290 Item
447 4216 551 4290 habet
569 4215 725 4288 dominus
743 4215 1013 4310 archiepiscopus
1033 4213 1070 4287 in
1087 4215 1175 4289 dicto
1189 4215 1261 4288 loco
1280 4216 1359 4288 fru-

294 4349 445 4416 mentum
462 4340 645 4414 afforatum
666 4341 811 4435 triginta
827 4342 994 4434 sestaria,
1015 4340 1171 4416 homines
1190 4341 1270 4414 dicti
1294 4341 1358 4415 loci
