3308 5430
305 629 322 688 4
741 639 832 685 LII'IIII
856 639 933 685 vaur

351 787 435 856 Item
452 784 554 855 habet
564 783 719 854 dominus
734 808 810 854 cum
826 784 1019 856 vicecomite
1035 784 1229 855 vicesimam
1239 792 1369 878 partem

195 951 198 959 ·
301 908 451 979 omnium
462 908 602 1000 piscium
614 916 808 977 vocatorum
829 909 915 978 touis
930 908 986 1000 qui
999 916 1217 1000 asportantur
1231 910 1371 981 venales

300 1032 389 1125 apud
414 1033 628 1121 Narbonem,
657 1056 715 1125 pro
745 1033 874 1103 decima
903 1034 1010 1125 ecquis
1036 1034 1188 1126 partibus
1214 1046 1252 1105 ut
1276 1036 1371 1129 prius

301 1158 493 1230 dividendo.

351 1312 434 1382 Item
454 1309 557 1379 habet
576 1308 731 1379 dominus
757 1309 793 1376 iu
815 1308 976 1378 Narbona
1005 1309 1148 1379 vetitum
1178 1332 1237 1402 per
1263 1315 1371 1380 totum

299 1458 449 1507 meuscm
467 1435 570 1517 maii;
596 1434 708 1524 itaquo
736 1433 848 1503 uullus
874 1424 972 1503 dobcl
996 1433 1204 1525 proclamare
1223 1434 1367 1523 vinum,

260 1596 269 1609 ·
299 1570 332 1631 et
345 1559 373 1629 si
396 1566 541 1651 ponatur
557 1580 671 1627 ramus
689 1558 742 1627 rol
759 1557 894 1648 aliquod
912 1559 1048 1649 sigmrm
1063 1613 1071 1646 ,
1089 1558 1245 1629 domiuus
1260 1565 1371 1651 potest

297 1707 453 1754 amovere
472 1684 609 1775 irupuue
624 1690 657 1752 ct
674 1682 881 1774 proclamare
903 1681 1104 1774 iuquestam.

346 1846 431 1915 Item
451 1844 565 1912 nullus
583 1842 682 1913 debet
700 1844 881 1913 immittere
903 1844 1020 1913 riuum
1051 1845 1086 1913 iu
1108 1845 1271 1916 Narbona
1294 1846 1368 1917 sine

299 1970 456 2057 licentia,
480 1968 559 2038 etsi
588 1969 740 2061 capiatur
760 1969 895 2055 viuum,
918 1968 1044 2039 domiui
1074 1978 1125 2039 est
1143 1970 1206 2039 sibi
1238 1970 1367 2040 confis-
1419 1988 1422 1993 ·

296 2102 423 2165 saalum.

346 2246 430 2316 Item
457 2245 570 2315 nullus
593 2245 691 2316 debet
720 2244 840 2338 piscari
872 2245 907 2313 in
930 2244 1081 2314 elisama
1113 2245 1220 2316 Poute
1249 2244 1366 2317 Veteri

297 2370 462 2464 usquead
481 2369 714 2440 Ardalhouum
746 2370 818 2438 siue
842 2368 978 2439 licenda
1007 2368 1155 2455 domini,
1186 2369 1249 2440 sub
1277 2391 1365 2462 pena

296 2496 490 2566 arbitraria.

345 2649 426 2718 Item
463 2646 629 2716 sachrista
671 2647 780 2716 miuor
819 2645 970 2716 ecclesiae
998 2644 1229 2715 Narbonensis
1263 2643 1365 2715 debet

295 2770 428 2840 domiuo
440 2792 529 2840 auno
544 2769 694 2861 quolibet
704 2769 738 2836 iu
752 2769 836 2839 sesto
848 2768 1097 2838 I'uriiIcatiouis
1112 2770 1229 2841 Beatee
1239 2771 1363 2842 Mariae

295 2919 397 2965 unetm
416 2894 589 2965 carisiolam
617 2895 688 2964 sire
718 2895 878 2964 corticum
908 2901 1052 2985 quatuor
1083 2893 1248 2964 librarum
1275 2920 1363 2969 cerae

294 3021 398 3090 albae.

343 3174 426 3241 Item
445 3172 532 3242 idem
551 3172 717 3241 sachrista
735 3172 833 3242 debet
849 3194 970 3264 parare
985 3171 1119 3242 domino
1135 3172 1362 3244 reverentiam

294 3307 327 3368 et
339 3296 562 3367 obedientiam
579 3296 772 3366 manualem
792 3297 826 3365 iu
844 3319 906 3366 sua
924 3296 1087 3368 novitate.

343 3459 425 3528 Item
459 3458 563 3528 habet
600 3458 635 3526 iu
666 3458 774 3549 burgo
810 3458 980 3528 Narbonae
1017 3458 1155 3529 furnum
1189 3458 1361 3551 proprium

294 3591 446 3654 vocatum
466 3582 644 3662 Decedet,
667 3604 741 3651 cum
753 3581 882 3652 duobus
894 3582 1012 3652 sotulis
1031 3590 1064 3652 et
1080 3583 1210 3653 duobus
1230 3581 1362 3654 soleriis

292 3708 400 3778 eidem
432 3710 531 3780 furno
561 3707 750 3799 contiguis3
773 3714 1019 3777 consueverunt
1034 3706 1148 3778 valere
1168 3706 1209 3778 de
1231 3706 1361 3798 lagerio

292 3834 416 3925 viginti
435 3833 555 3903 libras,
685 3834 687 3838 ’

341 3986 424 4054 Item
445 3984 548 4053 habet
567 3985 603 4053 in
628 3985 717 4054 dicta
734 3982 924 4076 ¹parrochia
956 3983 1120 4074 quoddam
1147 3983 1259 4053 casale
1288 3982 1360 4054 sire

290 4116 431 4201 potuum
446 4108 533 4199 quod
542 4109 697 4178 dominus
710 4109 832 4178 Petrus
844 4108 885 4178 de
899 4107 1043 4194 Iudicia,
1058 4130 1146 4176 nuuc
1159 4106 1357 4198 praesidem,

290 4232 469 4324 acquisivit
483 4256 505 4302 a
521 4233 694 4303 Beruardo
713 4233 754 4302 de
773 4233 879 4302 Aurio
895 4239 928 4301 et
943 4240 1058 4322 postea
1076 4230 1166 4301 dedit
1193 4229 1236 4301 ad
1256 4252 1358 4300 acca-

289 4356 396 4449 pitum
417 4357 553 4427 divisim
576 4356 814 4450 emphiteotis;
851 4363 885 4426 et
915 4362 994 4425 sunt
1020 4355 1067 4425 ibi
1096 4354 1163 4425 tria
1194 4354 1359 4425 aedificata
