3308 5430
530 668 571 714 nn
591 645 825 714 n'lncnuvlcm'c
847 665 887 712 nn
908 661 1079 712 urrunnun
1320 648 1358 709 85

289 839 349 888 seu
369 822 439 886 tres
458 814 603 884 florenos
630 811 718 882 auri.
753 809 859 902 (Vide
883 809 919 879 in
942 810 1010 881 fine
1036 808 1140 904 hujus
1159 808 1239 879 libri
1264 807 1359 880 litte-

289 963 366 1012 ram
384 938 426 1010 de
444 938 541 1029 hiis.)

341 1083 426 1153 Item
444 1079 530 1150 duas
548 1077 709 1172 perdices.

340 1225 426 1295 Item
441 1221 564 1314 viginti
579 1220 740 1314 gallinae.

340 1368 424 1437 Item
443 1364 485 1436 de
503 1386 580 1435 cera
601 1386 703 1434 unam
722 1362 845 1433 libram
864 1368 933 1432 tres
954 1366 1148 1453 quartoneS.

340 1510 425 1581 Item
443 1507 590 1600 quinque
604 1506 805 1600 garbelones
821 1526 1042 1583 racemorum.

340 1651 424 1721 Item
445 1648 548 1719 habet
568 1647 705 1740 agrena
722 1652 757 1718 et
772 1654 910 1738 tasquas
924 1651 959 1717 et
973 1651 1146 1734 tersones,
1170 1649 1330 1737 quartum
1346 1698 1355 1734 ,

293 1774 462 1869 quintum.

339 1926 424 1996 Item
443 1922 604 1995 laudimia
622 1927 657 1994 et
675 1922 867 2015 foriscapia.

340 2068 425 2139 Item
439 2066 568 2136 curtam
583 2064 802 2157 temporalem
814 2087 892 2134 cum
906 2063 1062 2152 annania,
1084 2062 1211 2134 scilicet
1224 2084 1360 2155 compo·

294 2191 472 2263 sitionibus
492 2198 526 2260 et
546 2187 708 2260 emendis,

262 2434 266 2441 Ι
342 2335 427 2405 Item
442 2332 621 2404 notariam.

342 2477 425 2548 Item
444 2497 559 2546 omnes
575 2476 728 2546 homines
748 2475 826 2546 dicti
842 2476 905 2546 luci
925 2483 1084 2548 tenentur
1099 2476 1209 2546 Iacere
1226 2473 1359 2544 domino

293 2624 355 2673 suo
372 2600 643 2694 archiepiscope,
671 2601 706 2670 in
735 2601 883 2672 novitate
910 2607 1031 2672 suaet
1058 2600 1181 2670 totiens
1205 2600 1360 2693 quotiens

293 2726 456 2816 voluerit,
473 2733 722 2798 sacramentum
736 2725 921 2797 fidelitatis.

777 2956 878 3026 LXX

723 3158 767 3207 DE
792 3156 935 3207 GINOLIS.

345 3313 505 3405 Sequitur
514 3313 606 3385 locus
616 3312 658 3384 de
668 3313 800 3385 Ginolis
810 3313 867 3405 qui
877 3321 929 3384 est
939 3320 1029 3385 lutus
1038 3313 1163 3384 domini
1174 3313 1363 3407 archiepis-

295 3438 367 3530 copi
376 3439 607 3509 Narbonensis
616 3461 692 3510 cunr
702 3438 892 3508 omnimoda
903 3438 1130 3510 iurisdictione
1140 3438 1211 3509 alta
1220 3445 1254 3510 et
1262 3437 1363 3509 bassa

295 3584 336 3633 ac
350 3585 455 3634 mero
481 3571 515 3634 et
542 3563 652 3641 mixtu„
670 3563 811 3656 imperio
840 3570 874 3633 et
896 3563 1014 3655 primis
1040 3563 1334 3657 appellationibus.

344 3718 428 3788 Item
449 3715 553 3786 habet
568 3715 604 3784 in
622 3714 709 3785 dicto
725 3714 796 3784 loco
818 3737 895 3806 quae
913 3721 1077 3806 sequntur
1097 3714 1339 3808 perordinem.

345 3869 459 3939 Primo
475 3890 577 3937 unam
592 3865 825 3937 condaminam
840 3865 1010 3959 propriam
1025 3866 1083 3937 ubl
1100 3866 1217 3959 recipit
1231 3865 1363 3938 medle-

296 4000 401 4067 tatem
421 3993 605 4063 fructuum.

345 4138 429 4208 Item
458 4158 561 4206 unam
595 4156 736 4227 parvam
768 4133 893 4228 petiam
927 4140 1028 4206 terrae
1060 4157 1137 4205 cum
1165 4157 1232 4205 uno
1260 4156 1364 4227 parvo

300 4261 460 4332 viridario
478 4259 510 4330 ci
530 4259 700 4353 contiguo,

347 4405 432 4476 Item
460 4403 650 4498 pasquaria.
