3308 5430
531 644 571 690 nn
592 625 826 691 n’nnonnvtcmt
847 643 887 689 on
907 642 1079 692 nnnnomm
1302 634 1359 695 ⁴07

260 879 265 885 Ι
289 791 413 864 debent
425 745 557 863 solvere
571 789 713 883 quilibet
738 811 798 882 pro
825 812 891 861 uno
917 789 1058 869 animali
1079 799 1114 863 et
1141 816 1201 886 pro
1229 793 1360 867 duobus

290 915 495 987 animalibus
517 914 602 985 duas
620 914 810 1011 quarterios
835 913 927 985 ordei
949 937 1011 1008 pro
1039 915 1233 1010 sivadagio‚
1263 926 1299 991 et
1330 920 1358 990 si

291 1040 390 1134 plura
409 1039 536 1112 habent
550 1038 713 1109 animalia
727 1038 873 1132 amplius
893 1039 974 1111 dare
992 1063 1058 1111 non
1074 1047 1245 1114 tenentur.

340 1208 425 1278 ltem
460 1228 576 1277 omnes
604 1205 757 1276 homines
795 1205 874 1276 dicti
907 1206 971 1276 looi
1000 1206 1164 1280 habentes
1198 1209 1362 1283 animalia

292 1338 449 1404 tenentur
464 1331 574 1403 faoere
591 1354 681 1402 anno
702 1330 851 1423 quolibet
865 1354 970 1402 unum
981 1332 1116 1426 jornale
1130 1309 1207 1405 oum
1217 1333 1361 1405 animali

293 1456 329 1527 in
356 1478 437 1528 area
471 1455 597 1526 domini
624 1456 676 1527 sui
706 1455 948 1550 archiepiscopi
982 1464 1016 1528 et
1043 1457 1198 1531 dominus
1226 1465 1361 1532 tenetur

293 1581 343 1653 eis
360 1581 470 1653 facere
488 1603 653 1675 expensas
674 1581 710 1651 in
728 1580 802 1652 oibo
817 1589 852 1653 et
872 1588 964 1674 potu.

801 1824 858 1943 cn

691 2099 774 2149 ITEM
799 2099 842 2149 DE
867 2098 991 2149 RIOTIO.

345 2282 515 2375 Sequntur
542 2304 663 2353 oensus
693 2281 796 2352 debiti
826 2281 961 2351 domino
989 2280 1238 2375 archiepiscopo
1272 2304 1363 2352 anno

295 2406 457 2498 quolibet.

346 2576 461 2646 Primo
498 2576 534 2645 in
570 2577 712 2669 pecunia
744 2575 785 2647 de
809 2597 912 2646 oensu
946 2597 1066 2647 novem
1095 2576 1217 2665 libras
1249 2576 1363 2649 decem

297 2701 432 2773 solidos.

347 2872 430 2942 Item
450 2893 510 2962 pro
523 2877 642 2962 questa
656 2868 796 2939 annuali
815 2868 958 2961 triginta
978 2868 1096 2941 libras,

347 3043 431 3113 ltem
450 3039 492 3110 de
506 3040 676 3111 frumento
691 3039 804 3110 decem
819 3038 930 3110 modia
947 3046 982 3111 et
1004 3040 1167 3112 eminam.

347 3212 431 3281 item
453 3209 600 3302 gallinas
617 3209 659 3280 de
675 3196 778 3280 censu
799 3208 991 3302 sexaginta.

346 3373 429 3444 Item
466 3372 572 3443 abbas
601 3371 727 3442 Montis
757 3370 847 3442 Olivi
876 3369 975 3441 debet
1007 3368 1157 3462 quolibet
1185 3392 1274 3441 anno
1306 3393 1366 3463 pro

297 3497 437 3591 paxeria
474 3497 655 3570 molendini
691 3495 733 3566 de
765 3494 989 3590 Burgayrolis
1018 3516 1124 3566 unum
1156 3517 1218 3590 par
1252 3494 1366 3566 chiro-

297 3621 485 3694 theoarum.

346 3792 430 3862 Item
448 3790 551 3861 habet
569 3791 605 3860 in
623 3790 710 3860 dioto
729 3789 800 3860 loco
820 3787 969 3882 agreria,
992 3794 1130 3882 tasquas
1148 3795 1364 3878 mersores,

298 3925 481 4010 quantum,
503 3914 670 4006 quintum.

348 4086 432 4156 Item
453 4084 634 4176 forisoapia
652 4090 687 4154 et
706 4083 881 4154 laudimia.

348 4255 430 4325 item
449 4254 578 4325 curiam
596 4253 815 4346 temporalem
832 4275 909 4325 oum
927 4252 1088 4342 annexiS,
1110 4250 1236 4323 soilioet
1268 4271 1365 4320 oom-

300 4377 522 4472 positionibns
540 4384 574 4449 et
592 4376 754 4449 emendis.
