3308 5430
297 634 336 695 38
739 644 834 692 urar
855 644 936 693 rtur

344 792 458 863 Primo
495 789 680 885 cappellam
721 789 870 864 ruralem
907 813 984 862 cum
1018 813 1183 887 campana
1218 802 1253 868 et
1286 797 1366 871 aliis

295 916 517 990 ornamentis.

342 1070 427 1140 Item
442 1066 677 1162 pasturagium
692 1088 767 1137 cum
788 1065 926 1138 devesia
940 1077 974 1138 et
993 1090 1080 1161 pena
1094 1069 1291 1144 arbitraria.

343 1222 428 1292 Item
466 1240 613 1313 garenas
645 1225 680 1290 et
712 1218 866 1291 devesias
898 1218 1128 1294 cuniculorum
1167 1246 1244 1295 oum
1277 1247 1365 1318 pena

296 1342 502 1416 voluntaria.

342 1496 426 1567 Item
440 1495 482 1566 de
499 1493 587 1565 dicto
605 1494 757 1567 locosive
767 1494 929 1567 insulade
939 1495 1122 1589 Cauquena
1134 1499 1363 1572 extrahuntur

293 1619 422 1714 lapides
435 1629 469 1690 et
490 1618 621 1712 quadri.

342 1772 425 1841 Item
449 1770 643 1841 extrahitur
671 1771 712 1843 da
744 1771 831 1843 dicto
866 1771 938 1843 loco
969 1778 1060 1843 terra
1094 1772 1200 1844 rubea
1225 1773 1267 1846 de
1295 1796 1364 1868 qua
1436 1868 1441 1877 Ι

292 1901 504 1990 peraguntur
517 1895 639 1988 panni,
666 1895 715 1966 ita
734 1895 821 1988 quod
840 1919 930 1968 nunc
946 1896 1074 1991 lapides
1100 1920 1189 1970 nuno
1213 1904 1305 1970 terra
1322 1896 1365 1969 de

290 2021 378 2091 dicto
388 2020 459 2090 loco
469 2019 592 2090 debent
606 2019 740 2091 extrahi
751 2020 824 2092 sine
835 2021 971 2093 lieentia
980 2021 1106 2093 domini
1120 2022 1363 2116 archiepiscopi

291 2145 346 2216 vel
380 2143 533 2237 gentium
559 2166 697 2214 suarum
727 2153 761 2215 ot
788 2146 853 2216 nisi
880 2169 956 2217 cum
976 2147 1090 2219 debita
1111 2146 1361 2238 satisfactione,

295 2292 400 2362 quare
417 2268 536 2340 dehoc
561 2269 605 2339 sit
626 2275 778 2340 attentus
793 2270 927 2341 havilus
946 2279 981 2342 et
997 2279 1108 2342 custos
1128 2272 1227 2344 dictae
1242 2272 1365 2344 insulae

294 2395 351 2488 qui
367 2393 524 2465 continue
538 2392 637 2465 debet
654 2394 701 2464 ibi
717 2417 856 2489 presens
871 2417 956 2467 asse.

345 2539 430 2608 Item
444 2536 548 2608 habet
561 2536 718 2609 domiuus
738 2537 1008 2633 archiepiscopus
1022 2539 1113 2609 insra
1126 2561 1241 2611 muros
1260 2541 1363 2612 castri

292 2662 334 2733 de
350 2661 473 2732 Seiano
493 2684 598 2732 unum
615 2661 799 2757 hospitium
818 2662 935 2756 inquo
952 2671 1032 2736 aunt
1047 2664 1114 2736 duo
1126 2663 1220 2736 furni
1237 2663 1362 2757 proprii

293 2787 346 2858 sui
365 2809 442 2857 cum
462 2785 628 2857 districtu.

342 2929 427 3003 Item
453 2929 557 3001 habet
581 2937 680 3001 extra
708 2953 821 3002 muros
850 2930 930 3001 dicti
958 2931 1060 3003 castri
1085 2954 1188 3026 supra
1214 2931 1363 3027 plateam

292 3055 399 3127 aliurn
420 3055 570 3126 furnum.

342 3199 427 3269 Item
458 3205 537 3269 sunt
564 3190 709 3290 quatuor
736 3196 927 3268 molendina
950 3196 991 3270 de
1017 3203 1118 3269 vento
1146 3197 1182 3268 in
1221 3199 1293 3271 loco
1321 3199 1363 3273 de

294 3323 418 3417 Sejano
438 3322 519 3394 data
534 3321 577 3392 ad
598 3344 736 3393 censum
753 3344 917 3410 annuum,
942 3321 1000 3414 qui
1017 3344 1139 3393 census
1152 3329 1363 3416 computatur

292 3472 369 3520 cum
380 3448 457 3519 aliis
472 3447 640 3519 censibus.

342 3590 426 3661 Item
437 3589 541 3661 habet
554 3588 698 3660 salinam
714 3588 749 3658 in
765 3611 832 3682 qua
844 3587 962 3681 recipit
979 3588 1021 3659 de
1035 3595 1105 3659 toto
1123 3588 1194 3661 saie
1207 3588 1361 3683 quintam

292 3702 436 3809 partem,
449 3721 484 3785 et
497 3713 651 3785 homines
662 3736 805 3806 quorum
815 3720 867 3784 est
880 3713 931 3784 sal
939 3713 1061 3786 debent
1072 3736 1196 3807 ponere
1206 3715 1361 3807 quintum

291 3839 373 3911 salis
383 3838 656 3931 pertinentemad
664 3838 836 3909 dominum
847 3838 1133 3932 archiepiscopum
1143 3839 1187 3910 ad
1198 3861 1364 3933 expensas

291 3986 371 4036 suas
385 3962 428 4034 ad
445 3972 573 4034 terram
589 3964 626 4033 in
644 3965 731 4056 ripa3
761 3961 935 4034 consuevit
948 3962 1063 4034 valere
1088 3963 1138 4034 sal
1158 3963 1362 4056 quingentos

289 4090 447 4160 florenos
1060 4087 1063 4091 ’

340 4232 425 4303 Item
440 4229 545 4302 habet
558 4228 691 4302 leudam
713 4230 807 4302 salis.

341 4374 425 4445 Item
440 4371 575 4444 leudam
592 4371 762 4444 macelli·
