3308 5430
295 577 353 639 Iso
729 592 822 639 mvnn
844 592 925 639 vnnr

291 737 409 808 vineas
422 759 481 831 per
498 736 670 807 dominum
681 736 833 827 Petrum,
845 759 935 808 nunc
949 735 1201 830 praesidentem,
1217 736 1260 809 de
1273 758 1361 807 novo

291 862 486 955 acquisitas,
508 861 595 932 dicto
615 861 686 932 Ioco
706 861 895 954 contiguas.

342 1015 425 1085 Item
452 1012 556 1084 habet
582 1012 628 1083 ibi
650 1012 866 1106 pesquerium
893 1036 969 1084 curn
995 1012 1131 1086 devesia
1149 996 1226 1087 cum
1246 1034 1358 1108 pene3

293 1139 384 1210 valet
402 1137 625 1209 communiter
646 1137 768 1230 viginti
788 1138 944 1210 florenos

341 1293 423 1362 Item
460 1313 564 1361 unum
598 1297 762 1383 pratum3
805 1289 895 1362 valet
925 1289 1015 1362 circo
1047 1290 1170 1384 viginti
1212 1291 1362 1385 quinque

292 1416 448 1488 florenos,

342 1567 425 1637 Item
447 1587 551 1636 unum
570 1586 689 1636 nemus
709 1587 784 1635 curn
805 1565 941 1637 devesia
956 1588 1032 1636 cum
1049 1587 1135 1659 pena
1150 1565 1358 1652 arbitraria3

291 1690 327 1760 in
353 1712 419 1783 quo
448 1712 584 1761 nemore
615 1696 695 1759 sunt
727 1711 866 1781 garenae
897 1688 1147 1780 cuniculorum,
1179 1698 1214 1761 et
1246 1688 1362 1761 nullus

290 1812 389 1886 debet
409 1814 527 1885 veneri
546 1815 611 1885 nisi
634 1814 676 1885 de
694 1813 831 1885 licentia
849 1814 989 1885 domini.

341 1966 425 2037 Item
443 1965 597 2037 dominus
615 1965 656 2037 de
675 1966 791 2037 Monte
811 1965 965 2058 Rebegio
987 1965 1066 2037 I'acit
1087 1964 1222 2036 domino
1245 1965 1362 2038 archi-

291 2091 443 2184 episcopo
463 2091 675 2161 Narbonensi
696 2090 892 2183 homagium
914 2091 1059 2182 Iigerum
1085 2097 1221 2184 propter
1245 2090 1361 2183 alique

291 2213 392 2284 feuda
409 2222 443 2283 ct
461 2215 686 2306 possessiones
715 2237 799 2307 quas
819 2223 911 2285 tenet
932 2215 967 2285 in
992 2213 1161 2285 territorio
1184 2214 1226 2285 de
1253 2215 1363 2287 Fonte

295 2339 427 2409 Erect0.

341 2490 424 2560 item
445 2488 534 2560 idem
549 2489 704 2561 dominus
723 2490 824 2560 solvit
838 2489 972 2560 domino
989 2489 1239 2584 archiepiscopo
1256 2512 1362 2562 unum

291 2635 353 2705 par
367 2612 653 2686 chirothecarum.

759 2845 902 2917 CXVIII

692 3071 735 3120 ou
760 3070 957 3121 cnuscnors

335 3254 502 3346 Sequitur
536 3252 628 3324 Iocus
659 3252 701 3324 de
736 3252 913 3324 Cruscedis
938 3252 996 3345 qui
1031 3261 1083 3323 est
1116 3260 1206 3324 totus
1235 3251 1362 3323 domini

291 3376 530 3469 archiepiscopi
562 3376 793 3447 Narbonensis
817 3399 893 3446 cum
912 3375 1104 3447 omnimoda
1126 3375 1363 3468 jurisdictione

291 3502 361 3573 alte
396 3512 430 3573 et
464 3502 563 3572 bassa
597 3508 632 3573 et
660 3523 752 3572 mero
785 3523 825 3572 ac
857 3501 962 3571 mixto
998 3500 1139 3594 imperio
1173 3508 1207 3572 et
1243 3500 1363 3594 primis

292 3624 586 3719 appellationibus.

340 3778 424 3847 Item
445 3776 549 3847 habet
567 3776 723 3849 dominus
740 3777 1011 3870 archiepiscopus
1031 3775 1174 3847 indicto
1194 3775 1267 3846 Ioco
1280 3796 1359 3868 quos

292 3908 455 3992 sequntur
473 3901 710 3993 perordinem.

342 4051 458 4122 Primo
477 4058 626 4124 cestrum
647 4077 746 4124 suum
765 4053 949 4147 proprium.

345 4202 428 4273 item
449 4201 586 4272 furnum
607 4204 778 4296 proprium
796 4225 872 4274 cum
886 4202 1039 4274 districtu
1054 4223 1064 4288 ;
1081 4202 1204 4274 debent
1221 4200 1363 4295 decoqui

296 4324 339 4396 ad
360 4324 503 4419 triginta
522 4347 639 4419 panes.
