3308 5430
361 621 402 684 lo
811 634 905 685 utar
925 634 1007 684 tnnc

407 781 493 852 Item
509 777 551 853 de
569 780 738 853 frumento
756 780 1081 875 quinquennum,
1107 803 1210 853 unam
1230 781 1427 857 carteriam.

408 906 493 978 Item
512 905 555 978 de
572 905 672 978 ordeo
694 905 861 979 decentet
881 927 1003 978 novem
1017 906 1179 996 sestaria,
1200 930 1304 980 unam
1318 930 1428 1002 ponc-

363 1052 463 1103 mam.

412 1209 496 1281 Item
516 1208 663 1303 gallinas
685 1209 934 1305 septemdecim.

411 1387 496 1458 Item
514 1387 668 1480 agreria,
691 1396 845 1481 itaquae,
871 1397 1038 1478 tersonas,
1057 1394 1233 1483 quartum,
1258 1387 1426 1482 quintum.

411 1566 496 1638 Item
510 1566 689 1659 forisoapia
701 1572 737 1638 et
749 1566 924 1639 laudimia.

411 1746 495 1818 ltem
512 1745 642 1818 curIam
661 1745 879 1841 temporalem
896 1767 973 1818 cum
990 1745 1156 1836 annexis,
1189 1745 1317 1821 scilicet
1333 1767 1430 1819 com-

361 1869 582 1962 positionibus
600 1880 633 1941 et
652 1869 815 1942 emendis.

411 2049 496 2121 Item
513 2049 682 2122 notariam
702 2071 780 2143 quae
798 2048 976 2145 respondet
997 2049 1140 2123 notariae
1154 2047 1195 2122 de
1216 2048 1355 2143 Sejano.

411 2228 496 2300 Item
508 2250 625 2300 omnes
643 2228 797 2300 homines
814 2227 894 2300 dicti
915 2228 978 2301 loci
997 2235 1155 2301 tenentur
1170 2229 1281 2301 Iacere
1295 2227 1430 2299 domino

362 2375 424 2427 suo
436 2353 684 2448 archiepiscopo
704 2354 940 2444 Narbonensi,
961 2355 996 2425 in
1017 2354 1168 2428 novitate
1188 2377 1251 2428 sua
1276 2362 1310 2425 ct
1331 2354 1431 2427 toties

274 2490 277 2495 ’
363 2478 525 2568 voluerit,
547 2478 719 2551 fidelitatis
740 2488 1004 2553 sacramentum.

412 2657 497 2727 Item
520 2656 675 2728 dominus
702 2655 744 2728 de
770 2655 942 2727 Duroforti
964 2656 1045 2728 facil
1071 2655 1270 2749 homagium
1296 2655 1432 2726 domino

362 2780 609 2875 archiepiscopo
631 2782 843 2853 Narbonensi
871 2782 1000 2853 rationo
1021 2782 1137 2853 uxoris
1158 2805 1231 2853 suae
1255 2780 1298 2852 de
1319 2780 1432 2852 omni-

364 2906 426 2977 bns
441 2927 519 2999 quae
536 2913 628 2978 tenet
642 2907 679 2977 in
699 2915 809 2978 castro
829 2913 864 2978 ot
884 2906 1039 2978 terminis
1056 2905 1098 2978 de
1113 2906 1223 2978 Fonte
1237 2907 1392 2977 Joncoso.

412 3084 577 3156 Dominus
598 3107 692 3156 meus
712 3083 981 3178 archiepiscopus
999 3083 1082 3154 emit
1099 3088 1248 3154 castrum
1262 3081 1305 3154 de
1318 3080 1432 3153 Duro-

364 3208 443 3281 forti
469 3216 503 3282 ot
520 3207 768 3302 quinquaginta
786 3207 908 3279 solidos
933 3230 1016 3301 quos
1035 3207 1176 3300 quilibet
1194 3213 1302 3278 rector
1324 3227 1432 3276 novus

363 3333 443 3406 dicti
462 3333 524 3405 loci
539 3332 684 3405 faciebat
695 3331 829 3403 domino
848 3332 890 3403 de
908 3332 1103 3422 Duroforti,
1126 3331 1222 3403 modo
1240 3331 1331 3404 enim
1350 3340 1431 3403 sunt

363 3455 489 3528 domini
506 3456 745 3550 archiepiscopi
760 3463 859 3550 prout
875 3457 965 3528 infra
978 3456 1181 3530 continetur.

413 3637 497 3708 Item
517 3635 621 3707 habet
644 3634 680 3706 in
700 3635 771 3707 loco
789 3636 830 3708 de
849 3636 957 3708 Fonte
975 3637 1117 3707 Joncoso
1132 3635 1295 3706 animalia
1313 3641 1432 3707 vocata

364 3760 409 3830 da
432 3760 598 3856 l'espuce.

411 3938 496 4009 Item
509 3937 544 4009 in
563 3944 634 4010 tota
653 3937 781 4012 barilia
794 3937 835 4010 de
851 3936 975 4032 Sejauo
987 3936 1142 4010 dominus
1159 3936 1432 4032 archiepiscopus

360 4061 460 4134 debet
480 4061 606 4135 habere
621 4063 735 4157 plures
761 4085 881 4135 census
902 4068 936 4134 et
961 4061 1030 4134 alia
1052 4062 1190 4135 deveria
1202 4117 1212 4152 ‚
1245 4083 1351 4155 quare
1370 4083 1431 4156 per

361 4185 609 4262 bavilumdicti
628 4187 691 4260 loci
709 4210 787 4263 cum
800 4187 979 4282 diligentia
999 4188 1226 4282 perquiratur.
1520 4177 1522 4181 ⁷
