3308 5430
533 628 574 674 1111
594 608 830 674 u'aacuuvtemt
850 624 890 671 na
911 622 1093 672 unauouuu
1321 607 1359 666 23
1416 643 1417 646 =

784 820 870 892 XVI

633 995 716 1046 ITEM
740 994 784 1046 DE
808 993 1010 1045 MONTELLIS.

340 1184 510 1275 Sequntur
543 1178 709 1252 annuales
737 1200 858 1250 census
886 1176 965 1247 dicti
995 1175 1058 1248 loci
1086 1198 1176 1247 anno
1211 1174 1361 1269 quolibet

289 1307 425 1379 domino
442 1304 690 1399 archiepiscopo
710 1301 937 1375 Narbonensi.

340 1458 456 1530 Primo
481 1457 517 1527 in
538 1454 680 1549 pecunia
691 1507 818 1527 ......
850 1476 969 1525 xxxvii
990 1452 1053 1524 sol.
1074 1475 1085 1523 1
1110 1451 1257 1523 obolum.

341 1612 426 1682 Item
439 1609 481 1680 de
495 1609 664 1679 frumento
677 1629 781 1678 unam
794 1605 1002 1699 quarterium
1022 1603 1106 1676 duas
1124 1603 1293 1698 ponerias.

340 1764 425 1834 ltem
445 1761 486 1833 de
503 1760 604 1832 ordeo
613 1811 818 1834 .........
851 1762 898 1830 111ο
911 1780 995 1830 xxvi
1012 1763 1093 1828 sest.
1111 1779 1214 1852 1pon.
1233 1756 1355 1827 media.

340 1915 425 1985 ltem
457 1920 526 1984 tres
558 1911 707 2005 gallinas
733 1878 921 1982 censuales

339 2065 424 2134 Item
441 2062 570 2135 curiam
588 2062 807 2156 temporalem
831 2086 906 2134 cum
927 2061 1091 2150 annexis,
1115 2061 1241 2133 scilicet
1263 2084 1358 2132 com-

289 2189 512 2286 positionibus
532 2196 566 2259 et
583 2187 745 2259 emendis.

339 2343 425 2413 ltem
444 2340 625 2411 notariam.

339 2494 424 2564 ltem
438 2464 554 2563 omnes
565 2490 720 2562 homines
732 2490 811 2560 dicti
823 2490 887 2561 loci
902 2497 1061 2561 tenentur
1074 2490 1207 2584 [lacere]
1224 2490 1358 2561 domino

290 2641 350 2688 suo
365 2617 613 2710 archiepiscopo
632 2616 858 2704 Narbonensi,
880 2616 915 2684 in
937 2615 1087 2687 novitate
1104 2639 1165 2686 sua
1184 2622 1218 2687 et
1236 2616 1358 2687 totiens

292 2741 438 2814 voluerit
449 2796 458 2832 ,
481 2748 729 2813 sacramentum
748 2740 933 2812 fidelitatis.

774 2998 875 3068 XVll

698 3199 740 3247 DE
765 3198 943 3248 ANISSANO.

337 3381 496 3474 Sequitur
530 3381 623 3452 locus
655 3381 697 3453 de
725 3381 896 3453 Anissano
930 3383 988 3474 qui
1023 3391 1074 3454 est
1106 3389 1196 3454 totus
1229 3383 1356 3453 domini

289 3505 529 3598 archiepiscopi
548 3508 804 3595 Narbonensis,
824 3530 900 3577 cum
921 3507 1111 3578 omnimoda
1128 3508 1357 3581 iurisdictione

288 3628 360 3699 alta
389 3636 423 3700 et
451 3630 583 3720 bassa,
612 3639 646 3701 et
676 3653 768 3702 mero
800 3654 839 3701 ac
867 3631 973 3701 mixto
1002 3632 1141 3724 imperio
1173 3639 1207 3704 et
1238 3634 1357 3727 primis

288 3755 582 3849 appellationibus
1408 3744 1413 3754 ’

337 3908 422 3978 ltem
442 3906 546 3978 habet.
566 3907 601 3977 in
622 3907 710 3978 dicto
733 3908 804 3978 loco
829 3931 905 4002 quse
929 3915 1093 4002 sequntur
1111 3864 1170 4002 per
1188 3911 1351 4004 ordinem.

337 4059 452 4130 Primo
470 4066 618 4130 castrum
639 4083 737 4130 suum
756 4061 927 4153 proprium
945 4084 1021 4131 cum
1039 4063 1183 4134 annexis
1202 4070 1237 4134 et
1254 4063 1354 4135 adia-

288 4184 407 4256 centiis
427 4185 511 4256 suis.
1393 4180 1399 4192 ’

337 4335 421 4406 ltem
440 4359 545 4407 uuum
563 4342 698 4429 pratum
712 4337 884 4431 proprium
905 4339 1008 4411 situm
1027 4362 1129 4434 prope
1148 4346 1309 4414 castrum.
