3308 5430
292 603 349 664 tta
753 615 847 663 mvuu
869 616 949 663 vuar

337 764 421 834 ltem
442 763 478 833 in
498 760 649 856 cappella
677 761 782 833 rurali
803 762 845 832 clo
868 761 992 834 Sancto
1010 762 1112 835 Petro
1133 762 1237 835 Aleat
1255 770 1364 836 totum

289 895 341 960 est
359 909 531 958 annexum
552 909 679 958 mensae
699 885 840 957 domini.

340 1050 423 1121 Item
438 1048 475 1118 in
489 1048 629 1119 ecclesia
645 1048 686 1119 do
705 1046 883 1120 Maseroiis
901 1047 1037 1120 tertiam
1058 1054 1190 1142 partem
1214 1049 1366 1122 omnium

292 1173 474 1243 fructuum.

342 1344 424 1413 item
439 1343 475 1412 in
494 1342 634 1413 ccclesia
653 1342 694 1413 do
723 1341 933 1414 Bellovidere
954 1351 1110 1435 quartam
1128 1349 1259 1435 partem
1287 1365 1367 1414 om-

293 1467 387 1538 nium
406 1467 589 1538 fructuum.

342 1638 425 1707 ltom
452 1637 487 1705 iu
508 1636 648 1707 ecclesia
667 1636 708 1707 de
734 1637 881 1708 Houosio
902 1643 937 1708 ot
956 1637 1105 1709 Masseto
1130 1636 1267 1708 tertiam
1286 1659 1368 1730 par-

293 1768 362 1832 tem
377 1760 528 1831 omnium
550 1762 732 1831 fructuum.

344 1930 428 2000 item
450 1929 483 1999 iu
506 1929 646 2001 ecclesia
670 1930 710 2001 dc
729 1929 943 2001 Pauliuhauo
962 1936 1118 2022 quartum
1140 1936 1270 2023 partem
1288 1952 1367 2001 om·

296 2054 391 2125 nium
411 2055 594 2126 fructuum.

346 2225 429 2295 item
452 2225 487 2293 in
511 2224 650 2296 ecclesia
676 2225 717 2296 de
739 2226 841 2297 Petra
861 2202 943 2295 Fica
963 2226 1099 2298 tertiam
1128 2231 1259 2318 partem
1287 2247 1367 2295 om-

297 2349 391 2418 nium
413 2350 596 2420 fructuum.

346 2521 429 2589 Item
450 2518 486 2587 iu
508 2518 646 2589 emlesia
677 2518 718 2588 de
751 2518 919 2589 'l'urrellis
946 2526 1103 2610 quartam
1136 2525 1268 2611 partem
1289 2540 1369 2589 om·

298 2643 392 2712 uium
411 2644 597 2713 fructuum.

346 2814 429 2883 item
448 2812 483 2881 iu
504 2811 645 2883 ecclesia
664 2812 769 2882 rurali
788 2811 829 2882 do
849 2811 991 2904 Lugelio
1006 2818 1115 2883 totum
1128 2818 1180 2883 est
1199 2833 1372 2885 annexum

298 2960 426 3009 mensae
443 2937 582 3008 domini.

348 3108 431 3176 Item
452 3107 487 3176 in
508 3106 648 3177 ecclesia
675 3106 716 3176 de
741 3105 893 3177 Cathavo
920 3105 1076 3177 dominus
1103 3105 1374 3199 archiepiscopus

300 3231 416 3324 recipit
431 3228 583 3323 quintam
594 3238 723 3324 partem
746 3230 835 3301 bladi
857 3237 890 3302 et
912 3231 981 3300 viui
1000 3238 1034 3301 et
1050 3238 1157 3301 rector
1176 3230 1370 3323 septimam,

300 3364 333 3426 ot
351 3356 392 3427 de
407 3356 599 3448 carnelagio
620 3356 775 3428 domiuus
803 3355 1071 3448 archiepiscopus
1096 3354 1212 3449 recipit
1238 3355 1375 3426 tertiam

300 3488 444 3572 partem.

351 3651 433 3720 Item
459 3650 494 3720 in
516 3651 687 3721 terminali
707 3658 822 3722 vocato
843 3651 884 3722 de
909 3650 1091 3722 Jordaneto
1118 3649 1269 3743 ejusdem
1293 3671 1376 3743 par-

301 3774 427 3844 rochiae
445 3775 600 3846 dominus
615 3776 883 3869 archiepiscopus
904 3775 1023 3868 recipit
1040 3781 1161 3845 totum.

352 3946 434 4017 ltem
454 3947 490 4016 iu
518 3946 658 4019 ecclesia
686 3947 728 4018 de
758 3946 938 4038 Magriane
967 3953 1123 4038 quartam
1142 3949 1274 4038 partem
1300 3966 1375 4014 om-

302 4072 397 4143 nium
412 4073 595 4144 fructuum.

353 4246 436 4316 Item
467 4244 503 4312 iu
539 4243 678 4314 ecclesia
712 4243 825 4314 Sancti
864 4241 957 4314 Petri
997 4240 1039 4312 de
1078 4239 1236 4312 Fleciano
1269 4239 1376 4310 rurali

304 4368 516 4440 medietatem
535 4368 685 4438 omnium
704 4368 887 4439 fructuum.
