3308 5430
545 617 585 663 ou
606 597 841 662 t'nncuuvtcmt
863 614 902 660 nn
923 613 1090 661 uuunouuu
1342 599 1360 658 a

292 762 440 855 hospitia
475 760 572 832 valde
617 759 759 853 pulchra
798 761 833 828 in
877 758 998 850 quibus
1033 758 1188 828 dominus
1221 757 1362 850 percipit

292 887 469 958 annuatim
490 908 627 956 censum
649 883 720 953 sive
743 883 908 952 usaticum
937 882 1171 974 septemdecim
1196 883 1359 953 librarum

292 1035 367 1082 cum
381 1010 542 1082 laudimio
560 1016 595 1080 et
616 1009 805 1101 foriscapio.

342 1164 426 1233 Item
456 1161 559 1231 habet
582 1161 685 1231 etiam
713 1158 800 1251 quod
821 1158 974 1229 banderii
998 1159 1050 1228 sui
1080 1159 1203 1229 debent
1232 1159 1296 1229 sibi
1327 1166 1361 1230 et

292 1286 450 1375 vicerim,
471 1285 543 1377 ipso
571 1286 728 1373 absente,
757 1283 799 1354 ad
822 1283 957 1353 domum
984 1283 1299 1378 archiepiscopalem
1325 1285 1360 1354 in

293 1409 413 1502 vigilia
440 1408 692 1501 Assumptionis
720 1408 838 1479 Beatae
869 1408 1008 1497 Mariae,
1040 1408 1130 1478 beati
1163 1409 1358 1497 Laurentii,

294 1533 383 1605 beati
398 1533 627 1605 Bartholomei
643 1534 684 1604 de
701 1534 841 1605 racemis
863 1533 998 1625 plenum
1013 1533 1159 1603 calatum
1188 1533 1230 1602 ob
1262 1555 1361 1603 reve-

293 1657 437 1728 rentiam
452 1657 574 1750 jeiunii
589 1665 779 1750 apportare.

343 1811 428 1880 Item
448 1809 512 1902 ipsi
534 1809 686 1880 bauderii
702 1810 824 1880 debent
845 1818 978 1898 portare
993 1809 1133 1901 juncum
1152 1814 1186 1877 et
1206 1807 1362 1900 fresque-

293 1935 377 2004 riam
400 1934 442 2004 ad
467 1935 601 2004 domum
622 1935 938 2026 archiepiscopalem
965 1956 1023 2026 pro
1041 1933 1120 2002 aula
1139 1939 1173 2002 ct
1189 1934 1356 2021 cameris,

292 2060 327 2129 in
346 2060 432 2129 sesto
450 2059 688 2129 Penthecostes
707 2068 740 2129 et
758 2058 835 2128 aliis
852 2057 1092 2128 festivitatibus
1112 2056 1331 2126 solemnibus

342 2220 426 2329 Item
457 2218 561 2290 habet
605 2219 758 2290 dominus
801 2219 837 2288 in
876 2219 1013 2287 civitate
1051 2217 1235 2304 Narbonae,
1258 2239 1360 2310 prope

291 2344 465 2415 ecclesiam
472 2344 586 2415 Sancti
598 2343 801 2430 Sebastiam,
817 2342 1170 2434 quoddamhospitium
1182 2341 1358 2432 pulchrum

291 2491 367 2539 cum
406 2477 504 2560 puteo
540 2477 574 2538 et
609 2468 766 2537 viridario
803 2468 889 2559 quod
927 2467 1094 2559 quondam
1133 2465 1197 2535 suit
1231 2465 1357 2535 tlonrini

291 2593 455 2663 Bernauli
476 2593 669 2686 hlaynardi‚
692 2616 750 2685 per
779 2593 951 2662 [lominum
972 2594 1109 2662 Petrum
1131 2591 1176 2674 ¹de
1199 2589 1353 2677 iudicia,

290 2740 380 2787 nunc
394 2717 697 2809 archiepiscopum,
722 2718 936 2809 acquisitum.

338 2871 422 2939 Item
453 2869 556 2938 habet
582 2869 675 2939 aliud
698 2869 880 2961 hospitium
900 2892 976 2938 cum
1001 2891 1085 2938 cava
1118 2869 1190 2937 siue
1219 2868 1306 2936 bova
1321 2867 1356 2935 in

289 2994 377 3064 dicta
387 2995 536 3082 civitate,
552 2995 639 3085 quod
652 2994 785 3086 quidem
797 2995 854 3063 suit
870 2994 995 3062 domini
1008 2993 1158 3062 llrnaudi
1171 2990 1356 3062 Scanmerii

291 3142 349 3210 per
363 3119 544 3212 preliatum
563 3119 734 3188 domiuum
753 3142 864 3188 meum
885 3119 925 3188 ule
942 3142 1027 3188 novo
1042 3119 1255 3210 acquisitum.

340 3273 423 3341 ltem
457 3271 560 3340 habet
586 3271 678 3340 aliud
709 3271 891 3362 hospitium
923 3271 958 3337 iu
986 3271 1074 3340 dicta
1102 3271 1256 3357 ciuitate,
1285 3269 1356 3339 loco

292 3404 406 3466 roceto
430 3396 474 3465 aul
492 3394 652 3464 Pedium
668 3395 767 3464 d'Eu
784 3394 890 3465 Solus
912 3418 970 3486 per
989 3395 1168 3485 preliatum
1183 3394 1355 3462 dominum

291 3544 487 3591 mannicum
502 3520 660 3590 viridario
679 3529 713 3590 et
727 3504 880 3590 domibus
891 3520 953 3588 sibi
965 3519 1132 3611 contiguis
1148 3543 1168 3589 a
1184 3519 1356 3589 Bernardo

288 3647 329 3716 de
350 3646 439 3716 Salis
460 3645 633 3715 domicello
652 3655 685 3715 et
698 3646 775 3714 aliis
793 3645 928 3713 rliuisim
949 3645 1162 3736 acquisitum.

339 3799 421 3867 Item
451 3795 554 3868 habet
584 3797 618 3865 in
649 3796 798 3889 predicta
831 3796 1007 3888 parrochia
1039 3797 1080 3866 de
1112 3796 1291 3866 hlonachia
1320 3797 1356 3865 in

291 3923 414 4014 riperia
446 3922 541 3991 fluvii
572 3923 701 3991 Attacis
740 3945 844 3990 unum
878 3921 1103 3991 molemlinum
1135 3921 1352 3992 destructum.

340 4084 422 4152 ltem
434 4081 536 4152 habet
547 4083 582 4151 in
591 4083 707 4152 eadem
718 4082 896 4174 parrochia
904 4105 1007 4151 unum
1019 4105 1171 4174 campum
1186 4083 1356 4175 proprium

290 4221 443 4276 vocatum
466 4206 507 4275 de
528 4207 693 4292 Z’Estor3
724 4207 840 4276 clatum
867 4213 918 4275 ost
941 4206 984 4274 ad
1010 4207 1195 4299 accapitum
1214 4214 1357 4298 quatuor

289 4332 505 4402 sestariorum
524 4331 696 4401 frumenti.
