3308 5430
532 634 572 679 nn
592 615 827 680 u’nncuuvtcuu'
846 633 887 678 nn
907 629 1078 680 nunnonnn
1320 620 1359 682 77

341 781 425 851 Item
439 778 542 851 habet
561 778 700 850 indicto
718 779 789 850 looo
809 800 886 872 quae
906 783 1070 871 sequntur
1087 800 1148 872 per
1167 777 1332 851 ordinem.

341 957 455 1029 Primo
473 981 579 1028 unum
594 956 779 1050 hospitium
793 956 977 1050 proprium.

340 1137 424 1207 Item
439 1136 505 1207 duo
524 1142 621 1228 prata
635 1135 776 1229 pulchra
791 1157 867 1227 quae
877 1130 1045 1206 'vocantur
1059 1141 1157 1228 prata
1174 1135 1216 1208 de
1234 1135 1358 1208 Sancto

291 1262 401 1333 lusto.

341 1439 424 1509 Item
464 1461 569 1508 unum
604 1459 722 1508 nemus
759 1436 936 1529 pulchrum
964 1445 1120 1509 vocatum
1148 1437 1190 1510 de
1235 1437 1358 1509 Sancto

291 1562 401 1634 Justo.

340 1740 423 1811 Item
450 1739 553 1812 habet
576 1738 612 1808 in
630 1738 718 1810 dioto
733 1739 803 1811 loeo
820 1762 923 1811 unam
949 1744 1140 1811 mansatam
1167 1761 1244 1833 quae
1278 1739 1360 1812 sanir

289 1863 331 1936 de
343 1885 446 1936 oensu
464 1863 613 1956 quolibet
631 1885 742 1935 anno:

275 2064 278 2069 ·
338 2044 454 2116 Primo
469 2044 505 2115 in
523 2045 666 2138 pecunia
683 2052 828 2138 quatuor
842 2043 964 2115 solidos
979 2043 1062 2116 duos
1076 2043 1244 2117 denarios.

339 2222 423 2292 Item
442 2244 502 2314 pro
521 2222 802 2314 asranquamento
823 2220 995 2292 duodecim
1014 2220 1181 2293 denarios.

339 2400 422 2470 Item
438 2399 554 2470 eadem
574 2421 676 2469 unam
691 2397 856 2490 gallinam
876 2406 910 2469 et
923 2421 1029 2469 unum
1044 2399 1224 2471 sestarium
1240 2421 1355 2470 rasum

289 2546 409 2595 avenae
423 2532 457 2595 et
476 2547 580 2615 unam
598 2524 723 2616 petiam
744 2523 897 2593 carnium
918 2523 1098 2595 salsarum.

338 2703 422 2771 Item
442 2701 545 2771 habet
564 2700 599 2770 in
621 2700 707 2771 dieto
722 2700 793 2770 loeo
813 2722 933 2771 census
958 2701 993 2770 in
1017 2700 1180 2793 pecunia,
1211 2707 1356 2792 quatuor

288 2826 432 2916 solidos,
454 2833 597 2919 quatuor
612 2824 780 2896 denarios

337 2996 422 3067 Item
437 2995 585 3089 quinquo
600 2993 748 3087 gallinas
762 2994 950 3065 censuales.

338 3165 422 3234 Item
444 3163 598 3255 agreria,
620 3170 783 3256 eosquos,
805 3169 981 3255 quartum,
999 3162 1177 3253 quintum,
1195 3162 1357 3233 laudimia

289 3296 323 3358 et
342 3288 532 3380 foriscapia.

338 3457 421 3529 Item
440 3457 569 3528 curiam
590 3457 809 3550 temporalem
832 3480 908 3527 oum
928 3458 999 3527 suis
1027 3457 1171 3529 annexis
1198 3465 1232 3528 ot
1254 3464 1357 3527 nota-

289 3604 388 3653 nam.

338 3753 421 3822 Item
439 3750 543 3822 habet
563 3750 704 3822 indicto
723 3751 794 3820 loeo
814 3749 897 3822 duos
918 3749 1082 3821 vassallos
1099 3750 1253 3822 videlieet
1267 3751 1358 3821 Ber-

290 3875 431 3946 nardum
447 3875 488 3946 do
510 3875 612 3946 Petra
634 3875 791 3946 Pertusia
805 3882 839 3946 et
859 3873 1034 3945 Sicardum
1048 3874 1090 3945 de
1109 3875 1277 3964 Auriaco,
1300 3875 1357 3967 qui

289 4007 405 4070 tenent
422 4001 536 4071 omnia
560 4023 637 4092 quae
654 3999 781 4070 habent
801 3998 837 4069 in
855 3998 943 4070 dicto
963 3999 1035 4070 loco
1049 4022 1071 4070 a
1085 3999 1220 4070 domino
1244 3998 1359 4070 a'rchi·

289 4125 441 4218 episeopo
466 4125 701 4214 Narbonensi,
725 4134 759 4196 et
776 4124 899 4196 debent
923 4125 1035 4196 facere
1056 4124 1254 4217 homagium
1269 4124 1359 4216 lige-

291 4273 367 4320 rum
394 4256 428 4320 et
463 4272 565 4320 unam
593 4249 769 4343 albergam
797 4273 873 4320 cum
907 4248 1125 4342 potestativo,
1155 4249 1191 4319 in
1209 4248 1359 4319 novitate

291 4374 416 4444 domini
433 4374 672 4469 archiepiscopi
703 4354 860 4447 tenentur
879 4374 1049 4447 dimittere
1079 4382 1228 4446 castrum
1258 4397 1358 4446 suum
