3308 5430
301 642 340 701 98
737 656 829 703 mvun
851 656 932 703 usur

349 803 430 873 Item
450 802 534 873 duas
556 803 749 898 megieyras
770 804 841 873 vini
857 802 899 875 de
914 825 1028 874 ceusu.

348 947 432 1016 Item
457 945 560 1017 habet
579 946 625 1017 ibi
647 947 784 1039 agreria
802 947 838 1016 in
860 946 970 1017 bladis
989 953 1024 1017 et
1041 944 1153 1018 olivis.

348 1089 430 1158 Item
451 1089 630 1182 ibriseapia
650 1098 684 1160 et
705 1089 867 1160 laudimia
888 1090 924 1159 in
944 1089 1046 1160 oertis
1064 1089 1157 1160 locis.

349 1230 431 1300 Item
464 1229 567 1301 habet
594 1231 630 1300 iu
662 1230 805 1323 quodam
836 1231 1007 1302 terminali
1036 1238 1153 1302 vocato
1175 1229 1217 1302 de
1237 1229 1368 1303 Selmes
1475 1304 1480 1309 .

300 1354 515 1447 pasquerium
534 1362 568 1426 et
585 1355 701 1448 aliqua
718 1356 868 1448 agreria.

802 1590 864 1660 XO

735 1790 778 1839 DE
803 1790 932 1841 TURRE.

347 1942 507 2036 Sequitur
533 1944 625 2016 locus
654 1945 695 2016 (le
725 1946 835 2016 'I'urre
859 1947 915 2039 qui
944 1968 1010 2015 non
1031 1952 1083 2016 est
1099 1945 1226 2016 domini
1245 1945 1366 2017 arohi-

298 2067 443 2161 episcopi
463 2069 717 2151 Narbonensis,
742 2070 800 2141 sed
818 2069 922 2141 habet
939 2070 985 2139 ibi
1010 2069 1070 2141 illa
1096 2093 1174 2162 qune
1202 2078 1366 2163 sequntur

299 2213 358 2285 per
378 2193 541 2264 ordinem.

348 2337 462 2407 Primo
495 2337 530 2407 in
566 2338 706 2430 pecunia
727 2338 768 2409 (le
804 2361 905 2410 censu
944 2346 1012 2410 tres
1048 2337 1187 2426 solidm,
1219 2346 1365 2431 quatuor

297 2459 466 2534 denarios.

347 2605 430 2674 Item
450 2604 491 2674 de
511 2605 611 2676 ordeo
634 2629 737 2676 uuam
767 2605 991 2698 quarteriam,
1012 2628 1115 2676 uuam
1136 2605 1308 2698 poneriam
1330 2614 1365 2677 et

206 2786 209 2791 s
296 2729 439 2799 medinm
459 2731 645 2822 poneriam.

346 2872 429 2942 Item
448 2872 488 2942 de
508 2872 586 2943 vino
606 2880 749 2965 quatuor
770 2873 975 2966 megieyras.

345 3016 358 3084 I
375 3037 428 3085 em
447 3014 595 3106 gallinas
616 3022 772 3107 quatuor.

361 3023 373 3085 l

345 3161 428 3231 Item
449 3161 490 3232 de
510 3184 588 3232 cera
608 3182 711 3231 unam
731 3159 866 3231 libram.

360 3309 373 3373 t

344 3304 427 3374 lem
447 3304 549 3375 habet
568 3303 615 3374 ibi
633 3303 770 3396 agreria
789 3303 824 3372 iu
846 3302 965 3392 blado,
987 3303 1066 3372 vino
1086 3309 1121 3373 et
1137 3301 1249 3372 olivis.

345 3456 427 3526 Item
455 3456 557 3527 habet
580 3456 615 3525 in
645 3457 746 3527 certis
772 3454 1006 3527 terminalibus
1033 3462 1067 3525 et
1095 3453 1362 3549 possessionibus

294 3579 373 3650 dicti
391 3581 452 3650 Ioci
471 3580 648 3673 foriscapia
668 3590 702 3650 et
725 3579 899 3659 laudimia.

791 3812 868 3883 XCI

722 4013 765 4062 nn
790 4011 930 4062 urruns.

339 4176 498 4268 Sequitur
518 4175 609 4246 Iocus
627 4175 668 4245 de
687 4175 814 4245 Milhas
841 4176 985 4268 quinon
1016 4182 1068 4246 est
1093 4175 1218 4246 domini
1242 4174 1358 4246 archi-

289 4301 432 4394 episcopi
451 4301 705 4390 Narbonensis,
724 4300 782 4373 sed
797 4301 937 4394 percipit
954 4299 1002 4371 ibi
1021 4300 1081 4372 illa
1099 4325 1177 4394 quae
1193 4308 1357 4394 sequntur

290 4447 349 4518 per
369 4424 531 4495 ordInem.
