3308 5430
530 638 571 686 nr
592 620 826 687 n’incunvtund
846 637 887 684 nu
908 637 1078 689 ulnnouun
1319 628 1358 689 65

336 793 421 864 Item
440 791 635 864 bernardus
655 792 777 865 MilitIs
796 791 900 864 Villae
923 791 1055 864 Rubeae
1073 791 1221 865 faciebat
1241 792 1355 865 alber-

289 915 547 1015 gammediam.
1274 914 1277 918 ’

339 1068 422 1139 Item
459 1065 670 1159 Brengarius
707 1066 820 1139 Rubei
856 1065 1002 1139 faciebat
1041 1067 1147 1139 aliam
1181 1067 1358 1162 albergam

290 1191 391 1263 unius
411 1190 543 1263 militis.

338 1343 437 1416 Nunc
460 1366 541 1416 vero
560 1367 628 1415 non
645 1343 867 1416 inveniuntur
888 1344 1050 1417 bonorum
1069 1345 1219 1438 ipsorum
1236 1344 1357 1417 deten-

290 1474 397 1557 tores,
414 1468 473 1541 sed
493 1470 745 1562 perquirantur.

819 1739 848 1809 L

533 1965 660 2017 CENSUS
684 1965 805 2016 CASTRI
834 1965 947 2015 VILLAE
973 1965 1116 2017 RUBEAE.

341 2174 511 2268 Sequatur
545 2199 665 2249 census
696 2178 800 2249 castri
842 2176 947 2248 Villae
985 2177 1117 2248 Rubeae
1155 2175 1357 2248 Terminesii

292 2297 395 2370 debiti
416 2323 505 2371 anno
530 2301 679 2394 quolibet
701 2302 835 2372 domino
866 2301 1114 2395 archiepiscopo
1144 2301 1359 2373 Narbonensi

294 2431 363 2494 tam
382 2424 417 2495 in
431 2426 573 2518 pecunia
587 2450 689 2519 quam
704 2427 739 2496 in
760 2427 882 2516 blado,
906 2427 1003 2515 vino,
1026 2425 1204 2515 carnibus,
1228 2447 1306 2496 cera
1325 2432 1361 2496 et

294 2548 366 2620 oleo
383 2555 418 2620 et
438 2550 527 2622 aliis.

342 2701 458 2771 Primo
480 2701 585 2773 habet
610 2700 766 2773 dominus
786 2702 1055 2796 archiepiscopus
1081 2701 1123 2775 de
1145 2703 1302 2776 censibus
1325 2704 1362 2775 in

294 2824 435 2918 pecunia
452 2833 581 2920 septem
600 2826 722 2917 libras,
745 2827 901 2899 undecim
918 2827 1092 2918 denarios,
1112 2828 1197 2902 duas
1214 2830 1334 2923 pictas.

343 2979 426 3050 Item
445 3001 548 3049 unam
568 2978 692 3050 libram
712 3002 800 3051 cerae
820 2978 1026 3052 censualem.

344 3129 427 3201 Item
445 3128 548 3200 habet
565 3130 607 3201 de
621 3131 778 3202 censibus
792 3130 1003 3203 diversorum
1021 3131 1218 3203 bladorum:

344 3281 460 3351 Primo
479 3281 520 3353 de
538 3281 707 3353 frumento
725 3280 768 3352 ad
786 3305 980 3355 mensuram
1001 3305 1155 3377 grossam
1169 3280 1362 3356 censualem

296 3405 475 3477 octodecim
493 3406 649 3478 sestaria.

345 3559 429 3629 Item
456 3558 497 3628 de
523 3558 623 3631 ordeo
654 3558 698 3630 ad
730 3558 853 3630 dictam
887 3581 1081 3631 mensuram
1116 3560 1364 3654 quinquaginta

297 3683 451 3755 sestaria.

346 3836 429 3905 Item
442 3833 485 3906 de
497 3858 607 3906 avena
620 3834 800 3907 addictam
815 3858 1010 3908 mensuram
1019 3835 1193 3908 duodecim
1206 3837 1361 3910 sestaria.

346 3986 428 4058 Item
444 3986 592 4079 gallinas
605 3987 781 4058 censuales
794 3987 939 4080 triginta
953 4009 1013 4058 sex
1029 3995 1063 4058 et
1084 3989 1221 4060 tertiam
1234 3995 1365 4083 partem

298 4133 411 4182 umus.

348 4265 432 4336 Item
452 4264 569 4334 vinum
589 4264 631 4335 de
651 4287 753 4337 censu
773 4269 907 4336 centum
930 4264 1074 4357 triginta
1095 4272 1164 4337 tres
1184 4272 1366 4358 quartones

300 4389 451 4461 valentes
470 4389 555 4461 duas
573 4389 734 4462 salmatas
754 4412 830 4462 cum
851 4388 991 4462 dimidia
1011 4397 1045 4462 et
1065 4396 1135 4461 tres
1152 4389 1327 4484 migcrias.

1258 4516 1278 4576 ὅ
