3308 5430
746 607 837 655 utvun
860 606 939 654 vltur

810 859 861 929 XI

583 1054 743 1110 Eccusslu
769 1058 813 1108 DE
838 1058 1088 1110 MARMORERIIS.

347 1243 430 1314 Item
450 1240 589 1313 ecclesia
607 1240 648 1313 de
668 1241 901 1313 Marmoreriis
923 1241 1004 1313 sacit
1021 1241 1064 1316 (16
1082 1242 1240 1336 pontione
1259 1240 1372 1337 quoli-

297 1366 353 1438 bet
370 1388 460 1437 anno
479 1366 613 1436 domino
639 1365 909 1460 archiepiscopo:

345 1518 459 1588 Primo
478 1518 520 1589 de
543 1518 711 1589 I'runrcnto
720 1570 1068 1591 ...............
1127 1541 1161 1590 vr
1188 1518 1351 1589 sextaria.

345 1644 429 1715 Item
450 1643 566 1715 eadem
587 1643 728 1715 ecclesia
746 1644 787 1714 de
807 1643 906 1714 ordeo
915 1695 1070 1716 .......
1128 1666 1163 1715 vr
1188 1643 1352 1715 sextaria.

342 1794 452 1872 Quam
481 1797 673 1887 pontionem
709 1802 818 1866 rector
850 1795 1005 1887 praefatae
1041 1793 1192 1866 ecclesiae
1232 1802 1368 1867 tenetur

294 1926 473 2011 apportare
497 1920 654 2012 expensis
683 1920 754 1991 suis
782 1920 825 1991 arl
858 1920 1019 2013 granaria
1045 1918 1087 1992 de
1122 1919 1212 1991 Salis
1238 1919 1368 1990 domini

296 2041 537 2136 archiepiscopi
558 2044 804 2116 Narbonensis

801 2353 868 2424 XII

648 2552 807 2603 ECCLESIA
832 2552 876 2602 DII
901 2552 1006 2603 SALIS.

344 2735 503 2827 Sequitur
532 2735 612 2827 quid
636 2743 670 2807 61
694 2734 828 2828 qualem
856 2736 1042 2828 portionem
1068 2734 1186 2827 recipit
1210 2734 1368 2806 dominus

293 2859 563 2953 archiepiscopus
582 2861 618 2930 in
634 2860 774 2932 ecclesia
792 2861 832 2930 do
854 2860 962 2950 Salis,
980 2860 1136 2932 videlicet
1152 2860 1367 2932 medietatem

294 2986 444 3055 omniurn
465 2985 667 3075 bladorum,
692 2986 786 3074 vini,
811 2985 898 3075 olei,
919 2985 1106 3078 carnalagii
1129 3009 1169 3056 ao
1191 2984 1364 3073 ortaIitiae,

294 3118 328 3183 61
346 3112 437 3182 ultra
458 3111 562 3183 habet
581 3118 736 3204 tasquam
757 3112 798 3183 de
819 3111 989 3183 omnibus.

792 3423 876 3493 XIII

690 3622 734 3672 DEI
758 3622 969 3673 PERINHANO.

340 3803 499 3896 Sequitur
528 3803 621 3874 Iocus
653 3803 694 3875 de
726 3803 921 3875 Perinhano
956 3805 1013 3897 qui
1045 3827 1113 3875 non
1151 3811 1203 3876 est
1237 3804 1364 3876 domini

288 3927 529 4022 archiepiscopi
547 3928 803 4017 Narbonensis,
822 3928 881 4001 sed
899 3928 1018 4022 recipit
1035 3929 1084 4000 ibi
1105 3952 1195 4001 anno
1212 3929 1364 4023 quolibet

289 4077 367 4147 quae
387 4061 550 4146 sequntur
568 4076 627 4146 per
646 4053 810 4126 ordinem.

339 4204 454 4276 Primo
485 4205 522 4274 in
551 4203 691 4276 ecelesia
720 4204 838 4298 recipit
875 4205 1011 4276 tertiam
1041 4211 1191 4298 partem,
1223 4213 1362 4300 excepto

290 4329 464 4421 manuali,
486 4329 573 4423 quod
589 4336 641 4402 est
661 4329 811 4402 rectoris.
