3308 5430
369 590 409 651 56
804 602 899 652 mrim
920 603 1000 652 virm

415 750 500 821 Item
520 747 750 841 Berengarius
768 747 810 820 de
830 748 995 843 Riperia,
1016 747 1211 821 domicellus
1225 747 1267 822 de
1287 747 1434 844 Apiauo,

366 873 448 946 facit
475 873 673 967 homagium
696 873 840 966 ligerum
870 873 1005 945 domino
1025 873 1273 969 archiepiscopo
1294 875 1436 947 Narbo-

366 998 464 1071 nensi
484 1021 545 1093 pro
562 997 672 1069 tribus
692 997 801 1070 leudis
818 1020 896 1092 quae
913 999 996 1071 emit
1016 998 1052 1070 in
1070 1005 1180 1071 castro
1198 1005 1232 1071 et
1247 998 1436 1072 terminab-

367 1122 430 1193 bus
446 1121 488 1194 (10
506 1121 639 1215 Apiano
657 1126 692 1193 et
708 1144 769 1215 pro
796 1121 945 1214 quolibet
971 1121 1070 1194 debet
1097 1124 1208 1195 lacere
1235 1122 1434 1217 homagium

367 1247 547 1340 legierum.

415 1381 499 1451 Item
517 1379 799 1473 Berengariusde
810 1380 971 1465 Viveriis,
990 1379 1198 1471 domicellus,
1220 1381 1302 1453 sacit
1316 1381 1434 1453 homa-

366 1504 462 1597 gium
495 1505 662 1598 legiorum
689 1504 824 1576 domino
851 1504 1100 1600 archiepiscopo
1127 1506 1342 1580 Narbonensi
1376 1529 1436 1601 pro

366 1630 523 1702 omnibus
550 1629 620 1701 illis
650 1652 727 1722 quae
750 1636 843 1703 tenet
870 1630 907 1700 in
937 1637 1048 1702 castro
1074 1638 1109 1703 ct
1136 1631 1373 1704 terminalibus
1395 1630 1437 1704 de

367 1755 514 1850 Apiano.

415 1889 501 1960 Item
537 1886 692 1959 dominus
733 1888 892 1959 Mcnlaur
936 1889 1018 1961 facit
1055 1888 1254 1983 homagium
1290 1889 1436 1983 ligerum

366 2012 501 2085 domino
518 2012 766 2107 archiepiscopo
785 2013 999 2086 Narbonensi
1018 2037 1079 2108 pro
1097 2037 1165 2085 una
1180 2021 1255 2085 rota
1274 2021 1308 2087 et
1326 2014 1437 2087 media

368 2159 452 2229 quas
471 2136 575 2209 habet
591 2137 628 2206 iu
647 2136 838 2209 molendino
857 2139 1021 2232 superiori
1042 2138 1084 2210 de
1103 2139 1247 2233 Apiano.

417 2282 501 2352 ltem
518 2281 667 2352 Joannes
687 2281 785 2351 Mora
805 2280 886 2353 facit
906 2281 1103 2375 homagium
1130 2282 1275 2376 ligerum
1301 2282 1437 2354 domino
1511 2293 1524 2314 ⁸

367 2405 617 2500 archiepiscopo
636 2406 849 2478 Narbonensi
871 2429 930 2500 pro
949 2430 1015 2478 uno
1034 2407 1224 2480 molendino
1243 2431 1303 2479 suo
1319 2409 1382 2478 sito
1400 2406 1436 2478 in

368 2530 537 2602 territorio
574 2529 617 2602 de
651 2530 784 2624 Apiano
816 2555 892 2602 cum
919 2533 1124 2626 prestatione
1156 2532 1261 2604 annui
1296 2555 1434 2622 census,

370 2662 499 2727 vacoat.

416 2800 503 2871 Item
531 2798 686 2871 dominus
715 2798 757 2871 de
787 2798 912 2870 Tribus
943 2798 1025 2870 facit
1058 2798 1256 2892 homagium
1289 2798 1438 2892 ligerum

369 2924 504 2997 dominc
540 2923 789 3018 archiepiscopo
824 2924 1038 2996 Narbonensi
1072 2946 1132 3018 pro
1178 2925 1335 2998 omnibus
1370 2924 1438 2997 hiis

370 3073 448 3144 quae
467 3055 560 3122 tenet
577 3049 613 3120 in
633 3055 744 3122 castro
761 3048 803 3121 de
821 3047 968 3142 Apiano.

419 3196 503 3266 ltem
520 3193 616 3265 saber
630 3191 672 3263 de
686 3191 819 3287 Apiano
834 3191 915 3263 facit
929 3190 1127 3285 homagium
1154 3191 1289 3263 dominc
1317 3192 1437 3264 archi-

370 3319 522 3414 episcopo
539 3317 754 3391 Narbonensi
773 3339 833 3410 pro
851 3316 980 3388 fabrica
997 3315 1039 3388 de
1059 3316 1204 3411 Apiano.

356 3492 359 3497 ·
419 3463 464 3534 Et
494 3461 523 3532 si
552 3460 667 3533 omnia
700 3461 753 3532 vel
785 3482 863 3554 pars
899 3458 1123 3531 venderentur
1139 3431 1307 3531 'dominus
1335 3459 1439 3531 habet

370 3585 585 3681 foriscapium
618 3584 773 3658 videlicet
805 3584 940 3657 tertiam
976 3590 1107 3677 partem
1144 3584 1243 3678 pretii
1275 3582 1317 3655 de
1346 3584 1438 3656 omni

370 3712 469 3786 feudo
486 3711 605 3784 nobili.

825 3869 985 3941 XXXIX

754 4044 796 4094 DE
821 4042 1054 4094 PERPINHANO.
1133 4074 1138 4087 .

422 4201 592 4296 Sequntur
626 4200 700 4270 loce
736 4198 874 4270 baviliae
906 4198 947 4269 (10
983 4196 1117 4290 Apiano
1152 4219 1230 4290 quae
1264 4218 1332 4267 non
1361 4203 1441 4267 sunt

373 4326 500 4400 domini
518 4324 758 4419 archiepiscopi
779 4322 1023 4413 Narbonensis,
1045 4322 1103 4395 sed
1120 4321 1262 4417 percipit
1285 4320 1333 4391 ibi
1351 4343 1440 4393 anno
