3308 5430
452 659 492 706 nn
514 640 750 707 n'uncuuvtunr
770 657 810 704 un
830 655 999 704 ununouun
1220 643 1259 704 69

240 811 290 881 De
309 805 572 879 Alberiisunam
593 803 740 876 eminam
761 801 916 874 arraonis
936 803 1116 874 censualis
1164 838 1168 843 ·

242 961 292 1032 De
310 956 461 1030 Alberiis
478 955 571 1028 aliud
589 954 831 1027 molendinum.

242 1113 292 1183 De
322 1111 420 1203 Rupe
444 1108 485 1179 de
514 1108 610 1179 Fano
638 1107 695 1178 ubi
726 1118 805 1177 sunt
836 1115 980 1200 quatuor
1008 1105 1200 1178 molendina
1225 1105 1261 1177 in

193 1237 315 1330 quibus
329 1234 484 1305 dominus
506 1233 623 1326 recipit
638 1232 772 1304 tertiam
792 1240 921 1325 partem
946 1239 1019 1302 octo
1039 1229 1260 1303 sestariorum

194 1360 303 1449 bladi,
328 1382 405 1452 pars
420 1357 546 1429 domini
561 1356 626 1427 duo
644 1357 788 1429 sestaria
801 1371 868 1427 tres
884 1354 1118 1448 quarteriaset
1128 1360 1260 1447 partem

196 1507 310 1557 unius,

200 1686 208 1703 .
243 1635 293 1707 De
312 1632 589 1713 Maisonibus...

243 1787 293 1858 De
312 1784 553 1857 Darnaroleta.
593 1837 602 1855 .

243 1939 294 2010 De
313 1937 475 2009 Cuberia.
491 1994 499 2010 .
515 1991 524 2009 .
541 1993 545 1999 .

244 2092 294 2162 Do
314 2090 476 2182 Equabus
495 2099 623 2182 septem
636 2088 742 2159 libras
762 2089 950 2160 censuales,

242 2243 293 2314 Do
314 2244 446 2313 Pasano
462 2249 513 2312 est
531 2240 704 2334 proprium
716 2240 857 2310 domini.

243 2396 293 2466 Do
311 2393 547 2466 Darnacolleta
567 2391 654 2485 quod
672 2401 724 2464 est
743 2391 870 2463 domini
890 2391 1020 2464 rationo
1036 2401 1213 2466 mansatae.

691 2721 769 2790 LlV

613 2947 656 2997 DE
682 2947 845 2998 Aurunco.

244 3140 403 3232 Sequitur
418 3139 510 3210 locus
525 3139 567 3211 de
584 3139 729 3211 Auriaco
741 3139 798 3232 qui
822 3147 874 3211 est
889 3148 979 3211 totus
993 3141 1119 3212 domini
1144 3141 1263 3211 arohi-

195 3266 338 3359 episcopi
365 3264 597 3335 Narbonensis
622 3288 698 3335 cum
723 3264 914 3336 omnimoda
938 3263 1172 3358 jurisdictione
1192 3263 1264 3335 alta

195 3397 230 3460 et
250 3390 350 3459 bassa
370 3397 405 3460 ot
423 3411 515 3459 mero
535 3411 575 3459 ao
596 3389 700 3459 mixto
727 3389 867 3482 imperio
898 3398 931 3460 et
961 3387 1080 3481 primis
1106 3389 1263 3483 appella·

196 3514 358 3584 tionibus.

245 3667 329 3736 Item
350 3664 454 3736 habet
464 3665 510 3735 ibi
526 3663 661 3736 indicto
677 3664 747 3736 loeo
757 3688 835 3758 quae
846 3672 1010 3759 sequntur
1024 3689 1084 3761 per
1095 3666 1260 3740 ordinem.

246 3816 361 3886 Primo
379 3823 526 3886 castrum
547 3838 646 3887 suum
661 3817 834 3909 proprium
854 3817 1046 3910 pulchrum.

246 3968 330 4038 Item
349 3966 416 4038 tria
430 3974 528 4060 prata
543 3968 679 4062 propria
696 3968 945 4061 patrimonalia.

246 4112 340 4191 Itom'
349 4141 453 4190 unam
474 4119 608 4191 vineam
627 4119 809 4213 propriam.

247 4273 330 4342 Item
367 4293 504 4343 nemora
537 4294 613 4341 cum
642 4270 778 4344 devesia
807 4271 1047 4365 cujuscumque
1074 4272 1264 4346 venationis

199 4418 275 4467 cum
294 4419 393 4490 pena.
