3308 5430
299 624 356 685 148
742 635 831 682 urvnn
855 636 933 682 vnnr

345 782 459 852 Primo
479 781 602 852 debent
627 802 744 851 omnes
769 788 949 874 apportare
972 781 1016 853 ad
1044 782 1220 854 cellarium
1237 783 1364 857 domini

295 907 347 979 sui
374 905 613 999 archiepiscopi
641 911 746 976 totam
767 905 990 995 vindemiam,
1018 914 1053 977 et
1072 906 1229 979 dominus
1248 909 1365 980 arohi-

294 1031 467 1126 episoopus
501 1037 635 1100 tenetur
677 1028 727 1099 eis
763 1028 844 1101 dare
881 1052 941 1122 pro
970 1029 1122 1122 qualibet
1152 1032 1296 1105 salmata
1321 1033 1365 1106 de

295 1154 449 1227 terminis
460 1153 570 1246 magis
581 1152 739 1242 remotis,
754 1163 897 1246 quatuor
910 1153 1087 1242 denarios;
1109 1164 1144 1227 et
1157 1155 1198 1228 de
1210 1156 1365 1230 terminis

295 1279 511 1372 propinquis,
533 1300 593 1371 pro
608 1277 754 1350 salmata
766 1279 849 1350 duos
866 1278 1035 1350 denarios

344 1423 426 1492 Item
441 1443 557 1492 omnes
579 1419 732 1492 homines
752 1421 831 1491 dicti
848 1421 928 1509 loci,
949 1420 1114 1494 habentes
1125 1422 1289 1494 animalia
1303 1445 1364 1516 pro

294 1544 526 1637 agricultura,
559 1551 717 1616 tenentur
748 1543 829 1615 dare
860 1545 994 1615 domino
1021 1568 1083 1617 suo
1114 1546 1365 1640 archiepiscopo

294 1669 435 1762 quilibet
446 1691 505 1761 pro
517 1668 692 1761 sivadagio
702 1678 736 1740 et
751 1669 910 1740 laussidio
923 1671 1017 1759 (sic),
1036 1694 1096 1764 pro
1112 1694 1177 1742 uno
1197 1671 1360 1761 animali,

293 1793 407 1865 decem
431 1793 586 1886 ponerias
613 1792 704 1864 ordei
719 1805 753 1864 ct
780 1816 881 1864 unam
899 1795 1106 1885 quarteriam
1128 1796 1308 1883 frumenti3
1330 1804 1365 1867 et

295 1941 354 2011 pro
368 1917 497 1988 duobus
515 1917 741 2006 animalibuS,
763 1918 886 2010 viginti
906 1919 1063 2012 ponerias
1086 1919 1178 1990 ordei
1207 1933 1242 1991 el
1259 1943 1364 1992 unam

294 2039 441 2111 eminam
479 2039 667 2126 l'rumenti3
701 2051 735 2111 et
764 2040 812 2111 sic
837 2063 897 2133 per
924 2063 1130 2134 consequens
1155 2041 1363 2113 ascendendo

293 2173 455 2258 quotquot
473 2163 636 2235 animalia
654 2164 844 2254 habebunt,
867 2175 901 2236 et
915 2165 1069 2236 dominus
1091 2166 1363 2259 archiepiscopus

292 2289 392 2361 debet
411 2290 461 2360 eis
480 2298 594 2360 tenere
608 2289 744 2360 fabrum
760 2291 915 2383 expensis
931 2291 1003 2360 suis
1021 2291 1078 2383 qui
1094 2298 1187 2384 aptet
1203 2290 1361 2384 predictis

293 2414 486 2486 hominibus
496 2413 721 2486 instrumenta
731 2416 920 2486 necessaria
928 2415 971 2486 ad
983 2423 1108 2486 terram
1116 2415 1358 2487 cultivandam.

342 2557 426 2627 ltem
459 2578 576 2627 omnes
615 2555 768 2628 homines
802 2557 881 2627 dicti
916 2556 978 2627 loci
1013 2557 1177 2628 habentes
1196 2556 1360 2628 animalia

291 2685 448 2751 tenentur
474 2679 584 2750 facere
603 2678 737 2750 domino
760 2703 821 2750 suo
844 2680 1091 2775 archiepiscopo
1119 2680 1187 2751 dua
1211 2681 1362 2774 jornalia

291 2804 449 2876 animalis
467 2812 601 2898 propter
616 2804 786 2876 stabulum
801 2804 842 2876 de
858 2806 1051 2877 nemoribus
1065 2807 1107 2878 de
1122 2806 1305 2878 Alanhano
1319 2808 1363 2878 ad

291 2939 440 3002 castrum
471 2929 512 3000 de
541 2928 716 3000 Piniciano
740 2930 972 3024 apportandis,
994 2939 1028 3002 et
1054 2931 1209 3003 dominus
1242 2931 1361 3003 archi-

292 3056 466 3147 episcopus
493 3061 627 3126 tenetur
650 3054 843 3126 hominibus
874 3055 931 3148 qui
959 3055 1081 3126 ducent
1102 3055 1251 3148 predicta
1275 3055 1358 3126 ani-

292 3180 396 3251 malia
414 3180 590 3273 providere
607 3179 648 3251 de
670 3180 744 3250 cibo
765 3188 799 3252 et
816 3189 895 3273 potu
906 3181 1035 3252 solum.

341 3324 425 3393 Item
459 3345 574 3392 omnes
605 3321 759 3393 homines
791 3320 870 3392 dicti
903 3322 966 3392 loci
1002 3322 1166 3419 habentes
1195 3321 1360 3394 animalia

293 3444 485 3539 supradicta
515 3445 637 3517 debent
672 3445 814 3537 quilibet
847 3445 982 3516 domino
1010 3469 1071 3517 suo
1108 3446 1359 3540 archiepiscopo

293 3571 443 3663 quolibet
462 3592 552 3641 anno
569 3569 654 3641 duas
679 3570 841 3663 migerias
862 3571 945 3641 vini.

342 3714 426 3784 Item
454 3735 569 3784 omnes
598 3712 752 3785 homines
782 3713 862 3783 dicti
888 3713 950 3785 loci
977 3713 1142 3786 habentes
1172 3714 1274 3786 boves
1299 3736 1360 3808 pro

292 3836 525 3931 agricultura,
559 3845 716 3910 tenentur
743 3837 824 3909 dare
849 3861 938 3909 anno
959 3839 1110 3931 quolibet
1136 3838 1276 3932 domino,
1298 3861 1360 3910 suo

292 3961 540 4055 archiepiscopo
550 4016 560 4050 ‚
577 3984 638 4055 pro
655 3963 804 4055 quolibet
823 3964 897 4056 pari
916 3963 1030 4054 bourn,
1048 3964 1196 4057 quinque
1214 3963 1360 4035 sestaria

292 4086 397 4158 ordei.

341 4232 427 4301 Item
441 4252 557 4301 omnes
568 4230 722 4302 homines
734 4231 815 4302 dicti
834 4232 898 4302 loci
918 4254 984 4302 non
997 4232 1161 4304 habentes
1178 4233 1355 4324 animalia,

293 4336 452 4428 tenentur
468 4355 580 4427 facere
607 4354 749 4448 quilibet
768 4355 902 4428 domino
922 4379 983 4428 suo
1001 4343 1251 4452 archiepiscopo
1268 4380 1359 4432 anno
