3308 5430
547 618 587 664 nn
608 599 844 665 n’mcnnvlcui
864 615 905 663 nn
925 613 1093 662 urrunnun
1294 602 1351 662 ⁴03

287 764 358 836 alta
376 772 410 834 et
425 763 524 834 hassa
542 769 575 832 el
595 783 687 832 mero
706 783 747 832 ac
764 759 870 830 mixto
889 758 1028 852 imperio
1046 765 1080 829 et
1099 757 1219 851 primis
1236 759 1354 852 appel-

289 887 482 960 lationibus.

338 1040 423 1110 ltem
438 1038 541 1108 habet
555 1037 592 1107 in
609 1037 696 1107 dicto
715 1036 785 1107 loco
803 1035 959 1106 dominus
983 1035 1251 1129 archiepiscopus
1277 1058 1353 1128 quae

289 1174 451 1257 sequntur
466 1185 525 1256 per
539 1161 702 1232 ordinem.

338 1323 453 1394 Primo
487 1329 636 1393 castrum
674 1344 773 1392 suum
805 1321 975 1414 proprium
1008 1345 1083 1392 cum
1118 1318 1289 1390 viridariis
1321 1318 1354 1389 ei

289 1449 470 1542 contiguis.

339 1609 423 1679 ltem
438 1607 612 1679 ecelesiam
630 1605 780 1679 eiusdem
796 1607 889 1678 villae
902 1614 937 1679 et
953 1607 1139 1701 cappellam
1153 1606 1232 1678 dicti
1252 1607 1353 1679 castri

290 1733 376 1804 sicut
392 1731 529 1804 devesia
548 1730 674 1802 domini
694 1731 934 1825 archiepiscopi
955 1731 1200 1805 Narbonensis.

339 1885 423 1955 ltern
454 1883 557 1954 habet
587 1883 621 1952 in
651 1883 739 1954 dicto
769 1891 880 1954 castro
909 1891 989 1954 ante
1016 1884 1160 1978 januam
1194 1883 1355 1955 maiorem

288 2009 366 2080 dicti
393 2009 495 2080 castri
521 2031 625 2078 unum
650 2007 834 2100 hospitium
860 2009 916 2079 ubi
941 2020 1020 2079 sunt
1040 2008 1175 2079 stabula
1198 2009 1234 2078 in
1260 2015 1356 2101 parte

290 2133 464 2222 inferiori,
489 2133 578 2203 etin
598 2141 693 2225 parte
714 2134 876 2226 superiori
898 2133 1070 2226 granerio.

340 2295 424 2364 ltem
436 2294 539 2365 habet
555 2294 651 2364 iuxta
664 2294 809 2386 plateam
827 2292 964 2364 villae...
982 2294 1053 2365 sive
1063 2293 1185 2365 soleria
1197 2293 1356 2385 contigua

289 2440 350 2509 pro
369 2416 475 2510 paleis
496 2426 529 2488 et
550 2418 637 2489 fenis
659 2418 824 2489 tenendis.

340 2579 423 2648 ltem
438 2600 543 2647 uuum
564 2578 745 2671 hospitium
767 2578 809 2649 acl
830 2578 919 2648 latus
934 2578 1037 2649 castri
1053 2600 1172 2649 versus
1190 2577 1355 2649 Altanum

290 2703 348 2773 ubi
364 2709 522 2776 tenentur
540 2703 643 2796 porci.

339 2863 424 2934 ltem
444 2869 534 2933 retro
552 2870 701 2933 castrum
719 2886 824 2934 unum
847 2863 959 2956 logale
981 2886 1056 2934 cum
1077 2862 1263 2957 parietibus
1283 2862 1357 2935 sine

290 2993 498 3077 coopertura.

339 3138 423 3206 ltem
442 3158 547 3206 unum
567 3137 795 3208 molendinum
816 3138 851 3207 in
879 3139 1014 3231 riperia.

340 3290 421 3359 ltem
445 3310 546 3359 unam
567 3311 682 3359 aream
703 3289 852 3359 clausam
877 3312 954 3360 cum
977 3290 1109 3361 duabus
1134 3289 1351 3382 cooperturis.

339 3443 422 3511 ltem
444 3464 548 3511 unum
567 3452 701 3533 pratum
720 3441 761 3512 do
782 3442 965 3513 Marsollis.

339 3595 423 3664 ltem
441 3592 534 3663 aliud
551 3600 686 3684 pratum
706 3603 859 3664 vocatum
879 3596 1021 3666 Pratum
1038 3595 1166 3689 Majus.

340 3745 422 3814 ltem
442 3743 535 3814 aliud
552 3751 707 3816 uocatum
726 3745 768 3816 tle
789 3746 924 3840 Gaytis

340 3896 423 3966 ltem
442 3895 535 3966 aliud
550 3902 706 3967 vocatum
720 3897 878 3968 Lauratz.

339 4048 424 4118 ltem
445 4070 550 4117 unum
573 4069 691 4117 nemus
711 4049 888 4141 pulchrum
904 4057 1057 4121 vocatum
1073 4050 1115 4122 tle
1130 4049 1284 4121 Pinollis.

340 4201 424 4270 ltem
443 4199 535 4270 aliud
554 4206 707 4270 vocatum
725 4199 767 4270 de
786 4200 970 4273 Marsollis.

341 4354 426 4423 Item
443 4351 536 4423 aliud
556 4358 711 4423 vocatum
728 4352 771 4424 de
785 4352 906 4444 Aquis
