3308 5430
395 612 434 679 to
829 626 924 673 uivus
946 626 1027 675 usur

442 775 527 845 Item
542 769 713 845 devesiam
741 769 883 866 piscium
902 770 937 842 in
968 771 1093 866 riparia
1116 796 1193 845 cum
1226 797 1312 869 pena
1338 779 1466 849 volun-

391 894 497 969 taria.

443 1047 529 1119 Item
546 1041 777 1139 pasquerium,

445 1199 530 1271 Item
544 1195 693 1270 leudam.

445 1351 529 1421 Item
549 1347 676 1420 cridam
692 1354 728 1420 et
746 1347 960 1442 inquantum.

444 1499 528 1570 Item
551 1519 668 1569 omnes
688 1496 842 1569 homines
859 1497 939 1569 dicti
960 1498 1022 1569 loci
1050 1505 1206 1571 tenentur
1234 1501 1344 1573 lacere
1374 1525 1465 1575 auno

394 1621 544 1715 quolibet
557 1645 662 1692 unum
674 1621 809 1714 jornale
822 1621 865 1692 ad
881 1621 1154 1695 vindemiandam
1165 1624 1302 1696 vineam
1320 1625 1463 1699 domini.

444 1773 528 1844 Item
541 1795 657 1844 omnes
675 1772 829 1845 homiues
846 1772 924 1844 dicti
945 1773 1006 1844 loci
1023 1780 1183 1846 tenentur
1201 1775 1313 1847 facere
1330 1775 1466 1847 domino

395 1919 456 1969 suo
465 1951 475 1986 ‚
494 1896 529 1967 in
542 1896 692 1969 novitate
710 1904 819 1969 suaet
837 1897 938 1971 toties
952 1898 1084 1991 quoties
1099 1898 1266 1987 voluerit,
1292 1899 1467 1973 fidelitatis

396 2029 657 2096 sacramentum.

903 2332 963 2403 LV

759 2567 841 2617 ITEM
866 2567 910 2617 DE
936 2567 1097 2618 AURIACO.

444 2777 615 2872 Sequatur
650 2799 771 2850 census
802 2777 967 2850 annuales
1001 2777 1081 2849 dicti
1106 2777 1170 2850 loci
1202 2778 1305 2850 debiti
1330 2777 1465 2850 domino

395 2902 644 2997 archiepiscopo
662 2902 887 2974 Narbonensi.

444 3054 559 3126 Primo
571 3054 607 3126 iu
622 3054 765 3148 pecunia
780 3052 998 3147 septuaginta
1009 3053 1158 3147 quinque
1168 3052 1304 3142 solidos,
1318 3062 1463 3147 quatuor

303 3214 308 3225 ·
395 3179 563 3254 denarios.

446 3334 531 3405 Item
548 3331 589 3403 de
604 3331 774 3404 frumento
793 3354 898 3403 uuum
914 3330 1106 3421 sestarium,
1125 3353 1228 3403 unam
1238 3330 1460 3425 quarteriam.

445 3486 530 3558 Item
547 3484 589 3556 de
600 3505 744 3555 arraone
761 3504 821 3555 sex
837 3482 993 3554 sestaria.

444 3638 529 3709 Item
543 3635 585 3707 de
598 3657 708 3707 avena
725 3640 798 3706 octo
816 3634 972 3706 sestaria.

442 3789 526 3861 Item
543 3787 702 3881 gallinae,
721 3785 865 3880 trigInta
882 3786 1043 3880 gallinas

441 3941 526 4012 Item
543 3961 662 4010 carnes
678 3939 766 4011 salse
785 3938 814 4010 si
829 3937 920 4032 porci
936 3937 983 4008 ibi
1001 3937 1212 4026 recidantur,
1234 3908 1303 4030 pro¹
1313 3935 1464 4028 quolibet

393 4088 498 4137 unam
516 4064 656 4161 petiam.

441 4219 526 4292 Item
544 4217 692 4311 sogessae
707 4216 846 4310 aliquae.

438 4372 523 4444 Item
538 4369 656 4442 viuum
676 4369 713 4441 in
727 4368 948 4462 quartonibus
962 4367 1051 4439 circa
1069 4390 1174 4439 uuum
1193 4367 1339 4441 barrale.
