3308 5430
532 601 572 650 na
592 584 825 652 u'nncnavtcst
848 604 888 650 nn
908 602 1079 653 nannenus
1320 592 1359 652 29

339 750 424 823 Item
437 747 585 823 decimas
603 755 638 822 et
652 748 788 822 taschas
802 748 900 840 vini,
915 755 1050 822 centum
1069 748 1210 822 modios.

341 901 426 973 Item
439 899 587 973 decimas
600 906 634 974 et
648 901 784 973 taschas
798 901 863 973 olei
876 956 886 991 ,
910 907 1045 973 cantum
1061 901 1218 975 sestaria.

340 1053 424 1124 Item
466 1053 615 1126 decimas
658 1075 826 1147 agnorum
874 1061 908 1125 et
954 1053 1063 1144 lanae,
1111 1053 1360 1148 quinquaginta

289 1178 448 1252 florenos.

338 1332 423 1403 Item
441 1330 545 1404 habet
570 1332 617 1402 ibi
637 1331 802 1403 decimam
825 1331 967 1425 piscium
982 1354 1059 1402 cum
1077 1330 1177 1402 leuda
1202 1330 1358 1414 macelli,

290 1456 516 1550 quadraginta
534 1457 752 1528 florenorum.

338 1610 423 1681 Item
453 1608 619 1680 decimam
650 1608 818 1702 pullorum
836 1615 871 1679 et
888 1608 1110 1701 porcellonum
1130 1631 1207 1679 cum
1232 1630 1362 1679 carne-

289 1734 399 1828 legio.

338 1886 423 1957 ltem
439 1884 603 1957 decimam
626 1884 726 1973 saliS,
747 1888 907 1955 ducentes
926 1884 1086 1955 florenos.

338 2038 423 2109 Item
442 2038 606 2111 decimam
622 2037 757 2109 caulum
777 2044 812 2109 et
827 2037 1000 2127 ortalitiae,
1024 2043 1168 2130 quatuor
1185 2037 1345 2110 florenos.

338 2188 424 2260 Item
437 2188 565 2261 cridam
579 2194 613 2261 et
628 2189 803 2261 incautum
821 2195 855 2262 et
877 2168 1180 2283 preconisationem
1203 2189 1360 2262 dominus

289 2312 394 2386 dedit.

781 2555 868 2626 XXI

578 2755 660 2804 ITEM
685 2755 728 2804 DE
753 2755 875 2805 CAPITE
901 2755 1071 2806 STANGNO.

339 2937 510 3031 Sequntun
538 2959 658 3007 census
692 2936 857 3008 annuales
887 2935 967 3007 dicti
993 2936 1056 3009 loci
1087 2937 1192 3008 debiti
1225 2937 1360 3008 domino

289 3062 539 3155 archiepiscopo
556 3062 785 3134 Narbonensi.

339 3214 454 3284 Primo
496 3213 532 3283 in
568 3214 725 3306 penticne
759 3219 952 3306 computata
990 3213 1187 3305 pentionum
1231 3213 1358 3304 viginti

289 3339 437 3432 quinque
458 3337 563 3409 libras
583 3339 750 3411 sexdecim
769 3337 891 3409 solidos
912 3345 947 3410 et
962 3345 1091 3431 septem
1109 3336 1279 3409 denarios,

338 3490 389 3562 De
403 3490 573 3561 frumento
591 3490 714 3584 viginti
731 3496 860 3584 septem
876 3489 1038 3581 sestaria,
1060 3489 1226 3579 eminam,
1248 3512 1357 3582 quar-

289 3614 433 3705 teriam,
454 3616 540 3687 duas
560 3615 729 3708 punerias.

339 3767 423 3838 Item
455 3766 496 3839 de
531 3766 630 3839 ordeo
660 3767 752 3838 mille
777 3766 950 3839 duodecim
983 3768 1144 3858 sestaria,
1180 3767 1355 3854 eminam,

290 3891 511 3984 quarteriam.

337 4043 450 4115 Habet
479 4043 526 4112 iui
551 4045 681 4114 usatica
709 4043 808 4129 salis,
831 4066 908 4137 quae
934 4052 1014 4115 sunt
1035 4042 1179 4136 triginta
1205 4044 1360 4138 quinque

241 4196 250 4209 ·
289 4167 467 4239 duodenae.

339 4321 424 4392 Item
438 4319 543 4391 habet
556 4319 597 4391 de
617 4342 719 4392 censu
738 4327 884 4412 quatuor
897 4320 1060 4414 gallinas.
