3308 5430
536 664 576 709 nn
597 647 832 711 n'nsonuvdoud
853 663 893 708 nn
914 662 1085 712 nunnonns
1336 652 1354 710 3

336 810 421 879 ltem
452 808 555 879 habet
576 807 612 877 in
633 807 795 878 Narbona
817 808 945 878 curiam
965 809 1207 901 temporalem,
1231 808 1357 879 scilicet

290 957 365 1004 cum
382 935 525 1004 annexis
540 932 689 1003 emendis
700 939 734 1002 et
753 933 1047 1025 compositionibus
1065 940 1099 1004 et
1113 934 1268 1005 omnibus
1280 933 1357 1004 aliis

288 1059 332 1130 ad
345 1060 474 1129 curiam
493 1057 712 1150 temporalem
727 1057 986 1150 pertinentibus.

338 1194 422 1265 ltem
440 1191 544 1262 habet
555 1190 724 1262 notariam
736 1191 772 1260 in
787 1192 966 1279 Narbona,
992 1193 1159 1263 notariam
1178 1198 1357 1264 testamen·

289 1326 400 1388 torum
415 1324 450 1387 et
469 1316 663 1409 nuptiarum
683 1295 780 1386 valde
810 1316 932 1386 bonam
957 1323 991 1386 et
1021 1316 1248 1410 solempnem;
1280 1339 1358 1410 quae
1428 1362 1435 1372 ·

291 1439 424 1534 quidem
447 1440 579 1511 notaria
600 1440 681 1510 facit
699 1440 876 1510 annuatim
896 1440 982 1510 dicto
997 1440 1131 1511 domino
1145 1442 1358 1513 Narbonensi

290 1566 413 1658 viginti
423 1566 528 1636 libras
539 1565 575 1635 in
586 1565 727 1657 pecunia
738 1574 771 1634 ot
781 1564 904 1656 viginti
917 1565 1021 1636 libras
1031 1589 1131 1655 cerae,
1146 1567 1358 1637 medietatem

291 1691 328 1760 in
343 1691 428 1761 sesto
442 1689 642 1760 Nativitatis
654 1689 790 1760 Domini
806 1698 839 1760 et
851 1689 954 1759 aliam
967 1690 1002 1759 in
1014 1690 1100 1761 festo
1113 1692 1204 1762 beati
1219 1692 1361 1762 loannis

290 1815 469 1908 Baptistae.

342 1949 425 2018 ltem
457 1947 560 2019 habet
598 1948 633 2017 in
659 1947 771 2040 platea
800 1948 948 2018 civitatis
978 1949 1150 2022 Narbonae
1182 1951 1361 2044 quamdam

292 2071 428 2142 domum
444 2081 597 2143 vocatam
619 2074 655 2143 lo
669 2071 913 2166 Pcyssoucrr'o
929 2096 1024 2143 suam
1040 2074 1222 2167 propriam,
1245 2076 1362 2168 inqua

293 2193 399 2266 habet
428 2196 692 2266 iurisdictionem
723 2195 965 2285 omnimodam,
1000 2204 1034 2267 et
1066 2207 1145 2267 sunt
1172 2199 1219 2268 ibi
1250 2199 1361 2270 decem

293 2320 1359 2412 botigaequaefaciuntannoquolibctdominoannunmccnsum.
1433 2301 1436 2306 .

345 2456 430 2524 ltem
468 2454 592 2524 ibidem
623 2454 782 2524 levantur
812 2454 985 2546 caulagia,
1019 2455 1118 2525 leuda
1151 2462 1185 2526 et
1215 2456 1363 2527 redditus

294 2579 484 2674 peyssoniae
501 2579 679 2670 dequibus
699 2579 801 2649 inira.

345 2716 429 2784 ltem
448 2713 551 2783 habet
562 2712 695 2782 leudam
707 2711 748 2782 de
763 2712 864 2805 cepiS,
881 2713 980 2784 aliter
992 2715 1108 2803 cebas,
1133 2714 1363 2807 undecumque

294 2837 511 2929 deportentur
544 2836 681 2907 venales
719 2837 908 2926 Narbonae,
941 2839 982 2910 de
1015 2838 1165 2931 qualibet
1197 2839 1366 2911 sarcinata

296 2987 402 3033 unum
433 2962 584 3049 turcum,
620 2971 653 3031 et
686 2961 848 3031 diuiditur
874 2963 910 3032 in
940 2963 1112 3034 duodecim
1148 2965 1299 3057 partibus
1329 2965 1366 3034 in

294 3085 416 3178 quibus
434 3087 590 3156 dominus
608 3086 748 3179 percipit
769 3095 914 3178 septem,
939 3088 1163 3181 Raymundus
1183 3089 1223 3159 de
1243 3089 1366 3159 Sancto

294 3213 393 3282 Justo
407 3221 569 3303 quatuor,
587 3213 769 3283 vicecomes
791 3235 893 3282 unam
914 3221 1057 3304 partem.

346 3346 429 3415 Item
447 3345 548 3415 habet
561 3345 664 3416 etiam
676 3346 808 3416 leudam
822 3345 970 3434 caulum,
990 3344 1144 3416 uidelicet
1159 3344 1200 3416 de
1215 3345 1365 3437 qualibet

298 3469 467 3538 sarcinata
492 3468 626 3538 obolum
656 3469 710 3539 vel
732 3469 898 3556 valorem,
927 3492 1004 3560 quoe
1024 3476 1222 3562 aportantur
1252 3471 1294 3542 de
1324 3495 1366 3543 ex

297 3594 459 3663 Narbona
480 3592 616 3663 venalia
632 3596 739 3685 aequis
754 3594 906 3687 partibus
931 3595 1019 3664 iuter
1037 3593 1199 3663 dominun
1224 3602 1258 3664 et
1276 3594 1368 3665 vice-

296 3719 451 3788 comitem
464 3717 660 3805 dividendo;
679 3718 766 3789 idem
777 3719 817 3789 de
831 3718 971 3809 rafanis,
987 3718 1028 3788 de
1038 3718 1188 3811 qualibet
1199 3719 1369 3790 sarcinata

297 3843 380 3913 duos
403 3845 538 3913 rafanos
558 3840 614 3911 vel
634 3843 786 3932 obolum,
808 3851 846 3913 ut
861 3866 963 3937 snpra
978 3842 1167 3913 dividendo.

348 3987 432 4056 ltem
451 3985 554 4056 babet
572 3984 612 4055 de
631 3985 786 4055 omnibus
804 3984 939 4054 dalfinis
960 3992 994 4055 et
1013 3986 1102 4057 tonis
1117 3985 1174 4078 qui
1190 3992 1369 4079 captantur

298 4111 335 4179 in
354 4109 440 4179 mari
459 4108 500 4179 de
516 4109 678 4178 Narbona
698 4117 825 4178 certam
848 4116 1024 4201 quartam,
1051 4110 1207 4183 videlicet
1230 4112 1371 4183 deducta

302 4242 337 4307 et
354 4234 657 4331 levatarentresca
673 4256 750 4324 quae
764 4233 864 4304 debet
884 4256 957 4304 esso
976 4234 1196 4326 piscatorum,
1219 4244 1319 4328 caput
1338 4245 1372 4307 ct

301 4358 473 4430 residuum
504 4365 556 4430 est
588 4358 713 4428 domini
748 4365 782 4428 ct
819 4357 1041 4448 vicecomitis,
1076 4359 1183 4452 aequis
1217 4360 1371 4452 partibus

301 4483 493 4556 dividendo.
