3308 5430
295 600 352 663 mo
735 614 829 662 mvsa
850 614 931 662 vsar

290 759 562 854 compositionem
578 758 702 829 iactam
723 759 812 830 inter
831 759 1004 831 dominum
1025 760 1165 831 Petrum
1179 759 1362 853 archiepis

292 908 411 979 copum
425 892 460 956 et
470 884 593 977 ipsum,
617 905 677 953 sex
698 882 858 975 gallinas,

340 1038 425 1107 Item
439 1036 545 1106 abbas
565 1035 679 1105 Sancti
699 1035 865 1128 Policarpi
896 1058 956 1128 pro
974 1035 1125 1107 custodia
1140 1035 1358 1108 ecclesiarum

292 1162 335 1233 de
347 1161 479 1234 Gaiano
494 1167 526 1231 et
546 1159 668 1231 Sancto
689 1160 864 1253 Policarpo
877 1160 976 1231 debet
990 1160 1105 1231 eadem
1130 1162 1261 1232 ratione
1274 1183 1365 1232 arrno

295 1286 444 1379 quolibet
463 1293 607 1378 quatuor
627 1283 786 1375 gallinas,

345 1439 429 1508 Itcrn
464 1437 567 1507 habet
595 1458 707 1507 ceram
739 1436 781 1507 de
813 1458 912 1507 censu
950 1436 985 1505 in
1026 1436 1188 1508 Pinciano
1223 1435 1364 1530 triginta

296 1563 445 1656 quinque
464 1561 569 1632 libras
587 1569 621 1631 et
640 1559 783 1631 mediam
800 1572 833 1631 et
855 1559 990 1631 tertiam
1007 1568 1138 1653 partem
1160 1561 1273 1632 unius.

347 1715 431 1785 Item
450 1713 485 1783 in
505 1711 675 1783 terminali
695 1711 736 1783 de
756 1711 976 1784 Marcclhano
991 1735 1094 1783 unam
1110 1713 1233 1784 libram
1248 1720 1283 1784 et
1297 1720 1366 1784 tres

298 1844 481 1931 quartones
498 1859 597 1907 cerae.

344 1992 430 2061 Item
449 1987 553 2060 habet
568 1988 604 2059 in
616 1987 704 2059 dicto
722 1988 792 2059 loco
809 1987 851 2059 de
875 1987 1047 2059 Piniciano
1061 2009 1142 2080 apes
1158 1986 1201 2059 de
1218 1986 1362 2059 decima.

347 2142 431 2212 Item
442 2139 546 2210 habet
558 2139 593 2209 in
606 2138 727 2211 locode
738 2138 913 2211 Piniciano
929 2161 1034 2209 unum
1050 2161 1112 2233 par
1121 2138 1367 2211 chirotecarum

299 2265 341 2338 de
360 2287 475 2337 censu.

350 2419 436 2489 Item
456 2415 493 2485 in
512 2413 682 2485 terminali
700 2412 742 2484 de
760 2412 978 2484 Marcelhano
995 2413 1061 2485 duo
1079 2412 1176 2508 paria
1190 2413 1367 2487 chirothe-

298 2564 415 2613 carum
432 2539 473 2611 de
491 2561 605 2611 censu.

348 2693 432 2764 Item
454 2691 557 2763 habet
574 2691 610 2760 in
631 2691 701 2762 loco
721 2690 763 2762 de
782 2690 955 2761 Piniciano
974 2690 1116 2761 herbam
1133 2697 1285 2762 vocatam
1308 2691 1370 2763 del

299 2816 414 2886 rodor
430 2815 472 2887 de
498 2838 565 2908 qua
587 2814 705 2908 recipit
735 2814 916 2903 decimam,
949 2814 1159 2907 premitiam,
1190 2821 1366 2907 osquam,

298 2947 467 3031 tersones,
489 2947 666 3034 quartum,
687 2941 857 3033 quintum.

349 3093 433 3162 Item
445 3091 582 3185 agreria
599 3096 634 3162 et
648 3098 803 3184 tesquas‚
827 3097 988 3179 torsones,
1007 3096 1180 3183 quartum,
1196 3089 1367 3185 quintum.

349 3243 434 3314 Item
452 3240 631 3335 foriscapia
648 3247 683 3312 et
696 3239 870 3312 laudimia.

350 3399 434 3469 Item
448 3396 577 3467 curiam
588 3392 806 3486 temporalem
821 3415 898 3462 cum
916 3391 1071 3478 aonexiS,
1090 3391 1218 3464 scilicet
1231 3414 1368 3487 compo-

301 3522 480 3594 sitionibus
495 3527 530 3591 et
546 3517 708 3590 emendis.

349 3675 433 3745 Item
451 3671 631 3744 notariam.

348 3828 433 3897 Item
453 3846 570 3896 omnes
590 3823 744 3896 homines
758 3823 837 3894 dicti
853 3823 916 3893 loci
935 3828 1093 3894 tenentur
1108 3822 1218 3894 facere
1232 3821 1368 3894 domino

300 3973 361 4022 suo
391 3949 656 4042 archiepiscopo,
693 3949 729 4018 in
759 3970 821 4018 sua
855 3948 1006 4018 novitate
1038 3953 1072 4018 et
1107 3946 1207 4017 toties
1236 3946 1368 4040 quoties

298 4076 464 4159 voluerit,
489 4079 737 4145 sacramentum
755 4072 941 4144 fidelitatis,

346 4238 431 4309 Item
449 4235 486 4306 in
506 4233 741 4305 terminalibus
762 4232 803 4303 de
824 4232 1042 4304 Marcelhano
1067 4231 1185 4327 recipit
1204 4232 1363 4326 agreria,

297 4369 453 4456 tasquaS‚
475 4367 652 4453 quartum,
674 4357 841 4450 quintum.
