3308 5430
466 713 506 758 nn
527 694 763 759 n'nncnuvtcurt
784 710 824 758 ou
844 709 1013 758 unnnouruc
1215 697 1272 758 tar

204 858 346 951 antiqua
391 879 493 950 quam
534 855 664 928 ratione
701 855 1015 949 affranquamenti,
1047 855 1113 926 nIsi
1149 855 1273 948 viginti

203 984 353 1077 quinque
368 982 486 1053 libras,

253 1128 338 1198 Item
357 1148 416 1218 pro
446 1131 564 1217 questa
594 1146 682 1194 nova
711 1123 841 1195 ratione
870 1122 1156 1216 affranquamenti
1181 1129 1274 1194 octo-

204 1250 312 1322 decim
334 1249 464 1336 libras,
486 1247 599 1320 decem
614 1246 749 1318 solidos.

255 1394 338 1464 Item
356 1391 398 1463 de
414 1391 515 1462 ordeo
535 1390 692 1462 tredecim
706 1390 868 1479 sestaria,
890 1413 993 1461 unam
1012 1392 1232 1483 quarteriam.

255 1536 338 1607 Item
360 1533 508 1627 gallinas
522 1534 670 1625 quinque
685 1541 719 1604 et
739 1540 894 1625 quartam
913 1541 1042 1626 partem
1063 1533 1175 1604 unius.

258 1678 342 1746 Item
363 1698 467 1768 panes
487 1675 737 1768 quatuordecim
755 1675 855 1745 unius
888 1671 1061 1769 delnarili.

253 1819 336 1889 Item
350 1816 391 1887 de
412 1818 491 1887 vino
506 1826 633 1910 septem
649 1818 805 1905 sestaria,
829 1816 976 1910 quinque
995 1826 1188 1909 quartones.

253 1971 336 2040 ilem
354 1968 438 2039 duas
458 1968 564 2040 libias
583 1992 670 2040 ⁰⁰¹⁴ae
760 1995 872 2065 navis.
894 1997 975 2083 (Ista
990 1996 1168 2066 solvuntur
1180 1996 1275 2066 Nar·

254 2114 338 2182 Item
356 2111 439 2182 duas
463 2111 568 2182 libras
589 2111 714 2205 piperis
814 2093 938 2185 b0⁰ael

254 2258 336 2326 Item
350 2255 487 2347 agreria
498 2263 533 2324 et
547 2261 705 2347 tasquas,
723 2260 893 2341 tersones,
911 2259 1082 2345 quartum,
1101 2253 1269 2345 quintum.

254 2399 338 2469 Item
351 2397 565 2469 venationem
580 2396 809 2467 cuniculorum
821 2405 855 2467 et
865 2395 1035 2488 perdicum
1046 2417 1123 2466 cum
1137 2394 1274 2466 devesia

206 2531 241 2593 et
261 2545 360 2616 pena.

255 2667 336 2734 Item
358 2663 537 2756 foriscapia
550 2671 584 2734 et
603 2663 776 2733 laudimia.

255 2809 338 2877 Item
363 2809 491 2876 curiam
508 2807 725 2899 temporalem
748 2830 824 2876 cum
839 2809 1001 2896 annexis,
1029 2807 1156 2878 scilicet
1176 2831 1274 2878 com-

206 2931 426 3024 positionibus
445 2942 478 3001 et
494 2931 657 3001 emendis.

254 3075 338 3143 Item
354 3075 521 3143 notariam
543 3098 620 3166 quae
642 3074 820 3167 respondet
836 3075 980 3146 notariae
994 3075 1035 3144 do
1050 3075 1188 3144 Canelo.

254 3217 337 3286 Item
356 3238 472 3285 omnes
491 3215 648 3287 homines
663 3216 743 3287 dicti
763 3216 825 3287 Ioci
847 3225 1005 3288 tenentur
1020 3216 1275 3287 faceredomino

205 3363 265 3410 suo
283 3340 532 3433 archiepiscopo
549 3341 783 3430 Narbonensi,
807 3343 843 3412 in
871 3344 1020 3413 novitate
1038 3364 1100 3412 sua
1119 3349 1153 3411 et
1175 3341 1274 3412 toties

205 3464 335 3557 quoties
353 3464 515 3554 voluerit,
541 3474 790 3537 sacramentum
807 3465 994 3538 fidelitatis

652 3742 831 3812 CXXVIII

656 3989 825 4038 HOIIAGIA.

257 4189 412 4259 Andreas
427 4188 598 4259 Benedicti
615 4189 694 4258 lacit
709 4183 906 4281 homagium
924 4189 1059 4260 domiuo
1081 4214 1141 4261 suo
1156 4190 1274 4261 archi-

207 4315 359 4406 episcopo
374 4315 586 4385 Narbonensi
604 4339 662 4406 pro
677 4314 745 4384 illis
763 4338 840 4405 quau
859 4324 951 4387 tenet
964 4315 998 4385 in
1017 4317 1085 4386 loco
1097 4315 1138 4388 de
1152 4316 1274 4387 Sancto

210 4438 382 4509 Marcello.
