3308 5430
532 649 572 695 nn
592 630 828 696 u’lncunvtcnt
850 649 890 695 on
910 648 1078 697 nannonnn
1302 636 1358 698 un

340 798 423 867 Item
437 801 582 887 quatuor
593 792 804 863 columbaria
819 792 885 864 sita
895 792 931 863 iu
942 792 1014 864 looo
1024 799 1141 864 vocato
1156 795 1201 864 de
1210 794 1355 879 athan,

288 920 331 992 de
352 942 438 989 novo
463 917 629 1010 acquisita
653 939 714 1010 per
736 916 910 987 dominum
934 918 1071 988 Petrum
1095 917 1212 990 divina
1238 919 1358 1012 provi-

288 1042 405 1114 dentia
422 1041 680 1112 Narbonensem
702 1039 1002 1133 archiepiscopum.

337 1195 422 1264 ltem
438 1193 532 1264 aliud
550 1194 795 1267 columbarium
823 1196 926 1268 situm
946 1196 1036 1267 ultra
1053 1194 1195 1265 fluvium
1225 1195 1360 1266 Atassis

289 1319 324 1388 iu
351 1319 421 1389 loco
446 1327 562 1389 vocato
576 1319 620 1389 ad
637 1320 783 1390 Planum
801 1320 842 1392 de
864 1322 1013 1410 Alsono‚
1033 1328 1183 1414 emptum
1203 1319 1359 1391 similiter
1433 1357 1437 1364 ·

289 1442 330 1512 (le
351 1465 438 1513 novo
466 1466 525 1535 per
547 1443 696 1513 bavilum
723 1444 802 1515 dieti
831 1443 957 1514 domini
981 1443 1073 1514 Petri
1099 1442 1354 1536 archiepiscopi.

339 1584 423 1654 ltem
456 1606 560 1653 unum
580 1584 809 1656 molendinum
832 1591 988 1657 vocatum
1015 1585 1057 1657 de
1077 1583 1173 1656 Vado
1202 1584 1261 1655 ubi
1280 1591 1360 1655 sunt

290 1713 362 1777 octo
384 1715 490 1795 rotae,
514 1707 550 1776 in
565 1730 630 1799 quo
648 1707 771 1779 debent
786 1708 911 1779 molere
926 1707 1081 1780 homines
1095 1707 1137 1779 de
1152 1707 1333 1778 Alauhano
1346 1761 1356 1797 ‚

291 1831 408 1902 Riutio
433 1840 467 1902 et
499 1830 594 1902 Mala
628 1834 724 1903 Mala
754 1841 788 1903 et
816 1832 958 1904 Pinollis
991 1832 1091 1903 blada
1123 1855 1216 1920 sua,
1249 1840 1283 1904 et
1308 1840 1361 1903 est

289 1979 376 2049 pena
391 1957 514 2026 farinae
534 1965 568 2026 et
583 1956 702 2029 tonalae
717 1958 772 2028 vel
787 1956 1013 2049 quadraginta
1029 1956 1229 2043 solidorum3
1243 1955 1360 2028 electio

288 2088 340 2151 est
353 2081 479 2151 domini
499 2081 739 2174 archiepiscopi
760 2081 1003 2152 Narbonensis.

338 2223 421 2292 ltem
454 2220 547 2292 aliud
579 2222 807 2292 molendinum
841 2231 996 2293 vocatum
1023 2222 1064 2294 de
1094 2223 1358 2295 Marehilenchis

291 2347 348 2416 ubi
371 2356 449 2416 sunt
479 2357 623 2438 quatuor
651 2354 735 2416 rotae
761 2348 796 2416 in
820 2370 885 2439 quo
903 2347 1026 2418 debent
1053 2346 1176 2418 molere
1203 2346 1357 2419 homines

290 2472 332 2544 de
347 2473 535 2559 Piniciauo,
553 2482 586 2542 et.
605 2479 656 2542 est
671 2473 770 2542 simul
792 2495 892 2564 pena.

340 2616 424 2686 ltem
452 2614 555 2684 habet
596 2615 632 2683 in
674 2615 806 2706 pascuis
839 2614 1067 2685 terminalium
1109 2613 1150 2684 tle
1184 2613 1359 2685 Piniciano

289 2740 461 2812 devesiam
479 2748 643 2831 quantum
663 2739 706 2809 ad
729 2748 907 2810 extraneos
925 2747 959 2810 et
977 2740 1144 2828 soranam,
1177 2738 1234 2810 ubi
1264 2738 1360 2810 nulla

290 2865 453 2936 animalia
483 2875 646 2935 extranea
681 2864 803 2935 debent
832 2864 964 2957 depasci
993 2888 1055 2936 neo
1083 2863 1125 2937 de
1156 2863 1356 2949 Piniciauo,

289 3000 324 3061 et
342 2998 393 3060 est
411 3013 498 3082 pena
519 2989 700 3081 sexaginta
720 2989 915 3061 solidorum.

341 3133 425 3202 ltem
462 3131 566 3202 habet
593 3131 806 3203 medietatem
837 3132 1052 3218 bannorum,
1097 3131 1167 3202 alia
1196 3130 1359 3202 medietas

290 3264 342 3328 est
362 3257 536 3328 consulum
556 3256 661 3327 villae.

339 3400 422 3468 Item
458 3399 658 3490 inquantum
694 3407 729 3470 et
756 3399 902 3488 aridam,
926 3399 1013 3492 quod
1034 3399 1115 3470 fauit
1137 3397 1222 3469 duas
1254 3396 1357 3468 libras

290 3546 378 3594 oerae
399 3523 441 3595 de
457 3546 572 3595 censu.

796 3754 859 3824 CX

652 3961 734 4012 ITEM
754 3963 797 4012 DE
818 3962 989 4012 PlNClANO·

235 4190 238 4195 .
340 4137 510 4228 Sequatur
537 4135 719 4206 servitutes
740 4144 774 4206 et
799 4134 937 4206 deveria
965 4158 1050 4227 quas
1082 4141 1115 4206 et
1133 4158 1210 4228 qum
1229 4136 1359 4208 faciunt

291 4260 444 4331 homiues
464 4260 505 4330 de
533 4260 708 4331 Piniciano
727 4283 816 4331 anno
841 4260 991 4354 quolibet
1004 4260 1139 4332 domino
1161 4283 1221 4331 suo
1242 4260 1358 4332 arehi-

292 4385 444 4478 episeopo
459 4385 685 4455 Narbonensi.
