3308 5430
533 619 572 665 nn
594 600 826 667 n'sncnnvdcuir
848 619 888 666 nn
909 618 1080 668 unanonnn
1322 610 1359 670 ⁴5

341 769 425 838 item
453 766 576 837 Petrus
609 765 650 836 de
680 766 771 837 Lacu
802 765 843 836 de
869 765 1031 838 Narbona
1061 767 1143 838 facit
1163 767 1360 863 homagium

291 891 425 963 domino
449 889 697 982 archiepiscopo
716 890 928 960 Narbonensi
949 912 1009 982 pro
1023 899 1119 983 parte
1142 915 1244 984 quam
1269 899 1362 965 tenet

291 1017 336 1087 ab
354 1039 394 1089 eo
409 1015 445 1086 in
465 1014 634 1086 terminah
649 1015 690 1086 de
709 1014 841 1110 Loyna.

343 1168 425 1238 Item
457 1165 604 1237 Jacobus
642 1164 814 1236 Bandonis
855 1164 936 1235 facit
983 1165 1181 1258 homagium
1225 1167 1360 1240 domino

291 1291 541 1385 archiepiscopo
573 1289 786 1362 Narbonensi
816 1312 877 1383 pro
911 1291 1082 1362 terminali
1118 1291 1160 1362 de
1193 1293 1301 1364 Loina
1326 1301 1360 1366 et

291 1423 412 1487 stanno
426 1415 584 1508 contiguo
597 1436 607 1501 ;
625 1421 731 1485 totum
744 1421 858 1485 tamen
873 1415 939 1485 fuit
951 1415 1153 1507 acquisitum
1167 1438 1227 1508 per
1246 1417 1359 1488 dorni-

291 1564 373 1611 num
397 1541 538 1611 Petrum
554 1563 645 1610 nunc
659 1540 919 1633 praesidentem,
940 1551 972 1611 et
994 1540 1042 1611 sic
1057 1563 1123 1611 non
1142 1541 1223 1612 facit
1241 1542 1362 1615 homa-

290 1666 387 1759 gium
395 1721 404 1755 ,
425 1666 493 1736 imo
507 1672 617 1737 cessat
631 1672 665 1737 et
679 1673 795 1737 taccat
813 1665 1023 1758 homagium.

804 1952 852 2021 VI

689 2149 732 2199 DE}
757 2149 959 2200 GRUISSANO.

341 2331 499 2424 Sequitur
521 2331 611 2402 locus
646 2331 688 2403 de
714 2332 901 2402 Gruissano
935 2333 992 2424 qui
1024 2340 1075 2404 est
1104 2340 1193 2404 totus
1231 2335 1357 2405 domini

289 2455 528 2549 archiepiscopi
550 2456 798 2544 Narbonensis,
824 2480 900 2526 cum
919 2457 1109 2528 omnimoda
1129 2459 1357 2530 iurisdictione

290 2581 360 2651 alta
374 2589 408 2651 et
428 2581 526 2652 bassa
540 2589 574 2652 et
593 2604 684 2651 mero
699 2605 738 2652 ac
749 2581 854 2652 mixto
869 2583 1009 2675 imperio
1021 2592 1054 2654 et
1064 2583 1182 2676 primis
1197 2583 1354 2678 appelia-

292 2704 454 2777 tionibus

341 2856 424 2926 Item
436 2855 539 2928 habet
553 2856 660 2926 dictus
675 2856 829 2928 dominus
843 2857 1111 2952 archiepiscopus
1132 2860 1168 2930 iu
1186 2861 1273 2932 dicto
1289 2862 1360 2934 1666

291 3001 370 3071 quae
390 2989 553 3072 sequntur
571 3003 629 3073 per
644 2981 807 3052 ordinem.

342 3132 454 3202 Primo
498 3139 645 3202 castrum
690 3154 788 3202 suum
836 3131 1014 3224 pulchrum
1056 3133 1227 3225 proprium
1280 3156 1356 3203 cum

292 3256 447 3327 annexis.

341 3408 424 3478 Item
443 3406 546 3478 habet
570 3409 606 3477 in
631 3407 737 3495 silla,
769 3410 865 3478 iuxta
891 3405 1064 3477 ecclesiam
1085 3408 1355 3500 parrochialem,

290 3555 396 3602 unum
411 3531 592 3625 hospitium
606 3556 683 3602 cum
694 3532 813 3603 soterio
823 3555 883 3625 pro
893 3531 1001 3602 bladis
1016 3539 1050 3602 et
1061 3533 1169 3603 vineis
1185 3533 1337 3604 tenendis
1343 3555 1351 3620 3

290 3656 408 3727 datum
426 3664 477 3728 est
497 3657 540 3727 ad
560 3680 684 3727 novum
702 3657 890 3749 accapitum
911 3665 944 3727 et
970 3656 1154 3750 hospitium
1179 3658 1359 3751 acquisivit

292 3782 456 3873 magister
471 3782 692 3853 Guilhermus
712 3781 810 3852 Boni.

341 3933 424 4004 Item
443 3933 546 4004 habet
560 3957 664 4003 unum
685 3942 794 4002 ortum
811 3932 983 4024 proprium
1003 3933 1105 4002 situm
1118 3932 1208 4004 ultra
1220 3956 1356 4026 aquam.

341 4087 424 4157 Item
454 4095 534 4156 sunt
566 4085 602 4155 in
633 4084 703 4155 loco
729 4084 770 4155 de
799 4083 987 4155 Gruissano
1008 4092 1080 4155 octo
1108 4085 1299 4156 molendina
1317 4085 1359 4156 de

293 4220 393 4282 vento
408 4233 485 4303 quae
504 4219 662 4280 tenentur
683 4208 853 4280 adomino
877 4207 1125 4302 archiepiscopo
1143 4209 1357 4280 Narbonensi

293 4335 356 4405 sub
373 4334 577 4427 prestatione
597 4333 703 4404 annui
721 4356 853 4405 census.
