3308 5430
531 608 571 653 nn
592 589 826 656 n'nncnnvtcnd
846 609 887 657 nn
907 607 1078 658 nnnnouun
1319 595 1352 657 7⁴

339 752 425 824 Item
443 750 573 825 ratione
591 750 878 846 affranquamenti
892 774 953 846 pro
970 752 1120 846 quolibet
1138 753 1210 825 foco
1232 754 1359 826 duode-

290 877 357 949 cim
370 877 538 951 denarios.

342 1030 426 1101 Item
443 1028 547 1102 habet
565 1028 601 1098 in
616 1027 704 1100 dicto
722 1027 792 1100 loco
807 1029 943 1122 agreria
961 1036 996 1101 et
1011 1036 1160 1124 tesquas.

339 1183 422 1253 Item
443 1181 621 1274 foriscapia
639 1187 673 1252 et
688 1178 862 1251 laudimia.

340 1335 424 1405 Item
439 1333 568 1405 curiam
580 1332 800 1425 temporalem
813 1356 889 1403 cum
904 1333 1048 1406 annexis
1063 1331 1191 1407 scilicet
1208 1331 1359 1406 emendis

291 1466 324 1530 et
340 1457 648 1552 compositionibus,

340 1612 424 1683 Item
436 1609 603 1682 notariam
624 1632 701 1702 quae
716 1609 895 1703 respondet
919 1610 1061 1682 notariae
1084 1609 1188 1682 Villae
1211 1608 1355 1681 Rubeae.

340 1763 424 1833 Item
441 1758 621 1832 terminale
639 1740 740 1830 vallis
758 1759 799 1831 de
813 1759 1003 1846 ¹Sedelhano
1022 1767 1157 1832 tenetur
1180 1782 1202 1831 a
1225 1758 1360 1830 domino

290 1886 538 1979 archiepiscopo
584 1893 619 1955 et
660 1884 778 1977 recipit
813 1885 860 1955 ibi
892 1885 1047 1957 dominus
1090 1884 1360 1978 archiepiscopus

290 2011 445 2104 agreria,
466 2017 604 2104 tasquas
624 2016 658 2081 et
676 2008 856 2099 laudimia,
878 2010 1057 2104 foriscapia
1076 2018 1110 2082 et
1133 2009 1297 2098 decimas,
1325 2016 1360 2080 et
1381 2018 1385 2025 ’

290 2133 393 2205 habet
410 2134 446 2205 in
466 2134 555 2205 dIcta
575 2132 665 2205 valle
686 2134 916 2227 pasquerIum.

787 2373 864 2444 LVI

702 2573 746 2623 DE
769 2573 940 2632 EQUABUS.
993 2652 999 2661 Ι

337 2740 496 2832 Sequitur
507 2739 598 2812 locus
608 2739 650 2810 de
670 2739 899 2832 Equabusqui
913 2746 965 2810 est
979 2746 1069 2810 totus
1092 2738 1219 2810 domini
1242 2737 1357 2811 archi-

288 2864 431 2958 episcopi
447 2865 679 2936 Narbonensis
690 2889 766 2936 cum
782 2865 873 2935 omni
883 2863 1117 2957 jurisdictione
1128 2864 1199 2935 alta
1209 2872 1243 2937 et
1256 2865 1357 2936 bassa

288 2996 322 3059 et
339 3011 431 3059 mero
448 3011 489 3060 ac
505 2990 612 3059 mixto
630 2990 771 3082 imperio
791 3013 830 3059 ac
847 2989 966 3082 primis
984 2987 1277 3083 appellationibus

337 3141 421 3212 Item
442 3140 545 3213 habet
560 3142 595 3212 in
609 3142 697 3213 dicto
711 3141 782 3211 loco
796 3162 873 3234 quae
889 3149 1052 3234 sequntur
1063 3163 1123 3234 per
1144 3139 1309 3212 ordinem.

339 3292 452 3362 Primo
468 3316 572 3363 unum
588 3293 771 3385 hospitium
786 3314 846 3385 pro
865 3250 971 3362 bladis
991 3292 1155 3364 tenendis,

338 3441 421 3512 Item
435 3441 501 3513 duo
514 3449 612 3535 prata
631 3442 774 3535 pulchra
789 3451 907 3514 vocata
925 3443 966 3514 de
981 3443 1140 3515 Fortovo.
1174 3464 1180 3475 ’

337 3594 420 3665 Item
440 3593 533 3666 aliud
548 3600 682 3688 pratum
697 3602 850 3666 vocatum
869 3596 1015 3667 Planum
1035 3596 1076 3668 de
1094 3595 1232 3689 I’Egua.

337 3747 419 3818 Item
435 3746 528 3817 aliud
546 3746 712 3817 modicum
730 3752 865 3839 pratum
880 3712 1017 3818 indicto
1030 3748 1114 3819 loco.

336 3896 421 3966 Item
438 3896 607 3968 devesiam
626 3898 769 3992 piscium
787 3898 822 3969 in
838 3898 965 3991 riparia
979 3923 1055 3970 cum
1069 3923 1170 3994 pena.

337 4047 422 4118 Item
436 4047 614 4121 terminale
633 4057 787 4122 vocatum
808 4049 850 4121 de
864 4050 1065 4145 Rapassola.

337 4199 420 4269 Item
440 4199 656 4291 pasquerium
674 4200 853 4293 pulchrum
873 4208 1029 4273 vocatum
1048 4202 1090 4275 de
1108 4202 1308 4275 Joncarolis.

336 4349 421 4419 Item
441 4347 534 4420 aliud
552 4349 767 4442 pasquerium
783 4350 960 4444 pulchrum
976 4358 1130 4424 vocatum
1141 4352 1351 4428 deFortovo.
