3308 5430
532 649 572 695 66
592 632 829 699 6166661661
849 650 889 698 nn
910 650 1078 701 61666666
1300 640 1358 701 443

338 796 422 866 Item
442 793 478 864 in
497 794 636 866 ecclesia
653 795 695 867 (16
715 795 939 891 Burgayrolis
957 806 1113 890 quartam
1131 806 1260 894 partem
1281 823 1360 872 om·

289 919 384 992 61661
404 919 586 990 fructuum.

339 1090 423 1159 Item
440 1089 477 1158 in
497 1088 637 1160 ecclesia
664 1089 706 1162 de
728 1091 833 1184 Ajaco
866 1099 1021 1184 quartam
1050 1099 1181 1185 partem
1211 1095 1361 1167 omnium

290 1216 473 1286 fructuum.

339 1387 423 1456 Item
444 1386 480 1456 16
505 1385 645 1457 ecclesia
662 1386 704 1458 de
724 1386 818 1458 Villa
835 1387 955 1481 Longa
975 1388 1131 1460 dominus
1149 1389 1266 1484 recipit
1293 1396 1363 1462 tres

290 1518 403 1604 partes
420 1519 456 1583 et
472 1519 580 1582 rector
601 1511 748 1604 quinque
768 1526 895 1605 partes,

339 1679 422 1749 Item
448 1678 484 1748 in
503 1679 651 1750 ecclesiis
678 1679 849 1750 ruralibus
875 1680 989 1751 Sancti
1012 1680 1135 1753 Felicis
1159 1681 1201 1755 (16
1227 1659 1361 1761 Quercn

291 1810 326 1873 et
341 1803 455 1874 Sancti
473 1804 634 1893 Martini,
655 1811 774 1875 totum.

339 1972 423 2042 Item
441 1972 477 2041 in
496 1972 636 2044 ecclesia
652 1973 694 2045 de
712 1973 801 2044 Salis
820 1980 854 2045 et
873 1974 1104 2068 Rivagrandis
1123 1975 1258 2048 tertiam
1275 1997 1361 2070 par-

294 2103 364 2167 tem
382 2096 532 2167 omnium
550 2098 721 2169 fructuum

342 2269 425 2339 Item
450 2268 644 2338 1666616616
663 2268 705 2340 de
725 2267 907 2339 Vilarsello
938 2268 1025 2338 nihil
1044 2290 1053 2355 ;
1081 2268 1139 2340 sed
1159 2269 1194 2339 in
1220 2268 1361 2340 ecclesia

294 2391 400 2462 rurali
423 2391 537 2463 Sancti
567 2392 661 2465 Petri
695 2392 737 2464 de
766 2393 875 2463 Fonte
908 2393 998 2463 Vivo
1027 2415 1162 2464 annexa
1192 2393 1364 2486 praedictae

297 2517 447 2589 ecclesiae
467 2517 508 2589 de
530 2517 724 2607 VilarseIIo,
750 2527 869 2589 totum.

342 2687 425 2756 Item
446 2687 481 2756 in
500 2687 640 2758 ecclesia
661 2687 703 2758 de
723 2687 885 2758 MaIrasio
903 2695 1060 2778 quartam
1081 2694 1212 2780 partem
1245 2685 1367 2758 blado-

293 2833 385 2900 rum,
417 2821 451 2883 et
479 2834 539 2904 pro
559 2811 752 2904 carnelagio
782 2820 816 2882 et
844 2811 922 2882 vino
951 2811 1053 2882 solvit
1080 2818 1189 2883 rector
1223 2810 1360 2883 domino

291 2933 542 3028 archiepiscopo
560 2934 787 3028 quadraginta
802 2934 939 3024 6611166,
964 2935 1147 3028 computati
1171 2941 1265 3006 sunt.

344 3103 427 3173 Item
449 3102 484 3172 in
501 3103 641 3175 ecclesia
655 3103 696 3174 de
711 3103 889 3175 Malveriis
908 3103 1073 3176 decimam
1088 3110 1220 3176 sextam
1233 3111 1367 3196 partem

295 3225 467 3296 bladorum
491 3235 525 3296 61
550 3234 706 3318 quartam
728 3234 857 3320 partem
876 3227 946 3313 6161
968 3235 1003 3300 61
1030 3226 1260 3298 duodecimam
1282 3248 1364 3319 par-

295 3360 363 3421 tem
380 3351 582 3443 carnalagii.

346 3523 428 3592 Item
463 3521 498 3590 in
530 3521 671 3592 ecclesia
700 3521 741 3592 de
782 3521 1012 3615 Lauraguello
1045 3527 1202 3614 quartam
1236 3526 1368 3614 partem

295 3669 458 3717 nmmum.

344 3807 427 3877 Item
447 3807 483 3875 in
503 3806 643 3877 ecclesia
660 3805 701 3876 de
722 3805 912 3877 Lidinhano
928 3805 1092 3899 superiori
1111 3812 1268 3899 quartam
1287 3827 1370 3898 par-

296 3939 364 4001 tem
386 3930 537 4001 omnium
561 3930 745 4001 fructuum.

346 4092 430 4162 Item
455 4091 490 4160 16
514 4089 655 4160 ecclesia
678 4089 719 4158 de
745 4087 920 4159 Ferrando
959 4087 1173 4159 medietatem
1204 4086 1367 4158 omnium.

347 4250 430 4320 Item
450 4249 486 4318 in
514 4248 654 4321 66616616
680 4248 722 4320 16
745 4247 927 4319 Gramasia
946 4255 1103 4340 quartam
1135 4255 1265 4340 partem
1296 4267 1372 4316 om·

299 4372 408 4443 nium.

1193 4499 1212 4558 8
