3308 5430
295 595 333 658 ts
737 609 829 658 nvmr
850 609 929 658 vnnr

342 756 427 828 Item
441 754 559 828 eedem
573 754 714 829 ecclesia
733 755 774 827 de
789 755 889 829 ordeo
907 776 1012 829 unum
1032 757 1225 830 sestarium.

341 907 426 979 Item
439 905 481 978 de
499 907 615 979 Cassio
632 906 779 980 CasteIIo
798 906 841 979 de
855 908 1025 980 trumento
1043 930 1149 980 unum
1164 909 1360 983 sestarium.

342 1059 426 1130 Item
447 1057 564 1131 eedem
581 1058 721 1132 ecclesia
735 1058 778 1132 (16
795 1058 894 1131 ordeo
908 1082 1014 1132 unum
1034 1060 1227 1133 sestarium.

342 1209 427 1281 Item
445 1210 585 1282 ecclesia
602 1210 643 1282 de
672 1211 780 1283 Fonte
798 1212 942 1284 Joncoso
965 1211 1006 1283 de
1024 1212 1194 1286 frumento
1215 1212 1363 1307 quinquo

293 1335 449 1408 sestaria.
1105 1334 1109 1341 ’

342 1486 459 1558 Dictus
481 1486 636 1558 dominus
656 1486 755 1558 debet
774 1486 862 1558 dicto
886 1488 1007 1559 rectori
1029 1487 1111 1560 dare
1135 1488 1299 1559 decimam
1319 1486 1362 1560 (16

292 1612 421 1705 tesquis
439 1634 523 1704 quas
536 1611 676 1705 percipit
689 1612 724 1683 in
736 1612 824 1684 dicto
838 1613 909 1684 Ioco
923 1611 965 1685 de
983 1612 1091 1684 Fonte
1112 1614 1266 1685 Joncoso

341 1764 425 1834 Item
446 1770 621 1857 preceptor
640 1763 682 1834 de
703 1763 887 1835 AIbaribus
911 1764 1149 1836 Ferrararium
1177 1764 1277 1836 debet
1301 1787 1363 1859 pro

292 1895 476 1980 quartoneo
506 1887 720 1960 ecclesiarum
741 1889 783 1960 de
804 1889 987 1961 Albaribus
1008 1890 1245 1962 Ferrararium
1266 1889 1363 1961 etde

146 2046 149 2053 ¹
291 2011 450 2105 Costogia
477 2019 512 2085 et
543 2012 585 2084 (16
616 2013 810 2107 Jonqueriis
835 2037 916 2084 cum
944 2014 1088 2086 annexis
1119 2014 1161 2085 de
1191 2015 1362 2086 frumento

293 2138 444 2231 quinque
464 2137 621 2211 sestaria.

342 2291 425 2361 Item
446 2291 533 2363 idem
562 2299 735 2384 preceptor
760 2315 821 2385 pro
842 2291 999 2385 predictis
1028 2291 1177 2364 ecclesiis
1197 2291 1239 2363 de
1262 2290 1363 2364 ordeo

292 2414 442 2507 quinque
464 2415 607 2486 sestaria
621 2438 697 2486 cum
711 2416 837 2486 emina.

340 2566 424 2638 Item
444 2566 534 2638 idem
550 2575 722 2661 preceptor
735 2567 833 2640 debet
854 2591 960 2639 unum
982 2567 1131 2639 modium
1146 2566 1224 2638 boni
1247 2566 1331 2637 vini.

339 2720 479 2790 Summa
511 2720 671 2791 frumenti
689 2719 730 2792 de
754 2721 962 2813 quartonetis
991 2720 1217 2814 predictarum
1248 2718 1359 2792 eccle-

289 2844 418 2915 siarum
439 2843 619 2915 octodecim
635 2845 779 2916 sestaria
796 2869 874 2916 cum
888 2846 1013 2916 emina.

340 2997 480 3068 Summa
504 2997 596 3069 ordei
621 2997 663 3070 de
688 2998 898 3090 quartonetis
926 2998 1040 3070 decem
1069 3019 1191 3070 novem
1219 2997 1364 3070 sestaria

291 3146 369 3194 cum
387 3122 512 3194 emina.

341 3267 426 3340 Item
447 3289 552 3338 unum
568 3265 716 3339 modium
735 3265 822 3336 vini.

753 3575 908 3647 XXXIII

627 3749 670 3799 DI]
695 3749 817 3800 nlsnnM
842 3749 1022 3801 nccnnsns.

339 3905 511 4000 Sequntur
521 3906 672 3978 echcsiae
683 3906 822 3978 boviliae
836 3906 878 3978 de
896 3907 1020 4000 Sojeno
1036 3929 1113 4000 quae
1129 3906 1257 3978 faciunt
1271 3928 1361 3977 enno

182 4100 185 4106 .
292 4031 442 4125 quolibet
454 4032 647 4125 pentionem
668 4031 709 4104 de
729 4031 845 4120 blado,
869 4038 969 4125 prout
992 4032 1134 4105 inferius
1156 4032 1360 4104 continetur.

342 4182 457 4254 Primo
478 4182 618 4254 ecclesia
632 4183 674 4254 (16
693 4184 814 4255 Palma
832 4182 874 4255 de
889 4184 1058 4255 frumento
1073 4183 1186 4256 decem
1202 4183 1357 4256 sestaria.

343 4337 428 4408 Item
442 4337 560 4409 eadem
575 4336 715 4410 ecclesia
735 4335 777 4408 (16
790 4335 890 4410 ordeo
905 4335 1028 4428 viginti
1045 4335 1201 4409 sestaria.
