3308 5430
475 621 516 668 nn
536 603 772 672 nereensem
792 621 833 669 nn
852 619 1022 670 nannenus
1266 609 1298 671 lt

284 769 369 841 Item
383 767 426 840 de
449 767 620 839 frumento
637 775 773 862 propter
792 767 986 840 molendina
1013 768 1127 842 decem
1155 769 1305 843 sextaria

235 917 340 967 unam
359 893 567 987 quarteriam
581 913 591 980 3
614 892 819 965 diminutum
833 894 903 965 luit
913 916 974 987 per
987 893 1161 966 dominum
1178 895 1306 969 Narbo

235 1041 377 1092 nensem
390 1017 432 1090 de
459 1017 569 1089 tribus
592 1017 787 1110 quarteriis,
1094 1006 1102 1020 ’

285 1179 369 1250 Item
383 1177 426 1250 de
438 1178 538 1249 ordeo
553 1177 678 1271 viginti
699 1178 765 1249 tria
783 1180 944 1270 sestaria,
967 1186 1038 1252 tres
1062 1181 1252 1274 quarterias
1270 1190 1306 1255 et
1375 1194 1384 1210 ‘

236 1303 322 1375 duas
343 1303 516 1398 ponerias3
557 1301 599 1374 de
626 1303 776 1396 predicta
808 1327 941 1376 summa
976 1306 1040 1377 fuit
1064 1305 1200 1378 reducta
1237 1330 1306 1380 una

237 1428 350 1501 emina
366 1428 556 1522 Brengario
569 1429 699 1501 Baliste
717 1429 760 1500 ad
774 1429 858 1501 duos
873 1430 1008 1502 solidos.

287 1589 372 1660 Item
385 1589 500 1662 decem
516 1588 665 1682 gallinas
684 1590 883 1679 censuales;
905 1613 974 1662 una
992 1598 1044 1664 est
1061 1591 1204 1686 perdita.

287 1752 372 1823 Item
385 1750 428 1823 de
446 1751 520 1823 oleo
541 1758 610 1823 tres
624 1751 795 1845 pegasios.

287 1912 372 1984 Item
385 1910 428 1984 de
445 1933 523 1984 cora
536 1910 651 1983 decem
666 1911 784 1984 libras.

287 2074 372 2146 Item
388 2072 544 2145 dominus
562 2073 710 2167 Lodigro
733 2073 927 2145 domicellus
954 2073 1053 2146 debet
1073 2098 1133 2168 pro
1158 2073 1307 2168 quolibet

238 2221 328 2270 anno
345 2197 479 2270 domino
494 2197 743 2293 archiepiscopo
756 2200 971 2271 Narbonensi
985 2223 1045 2293 pro
1060 2221 1162 2292 passu
1176 2198 1307 2269 colum-

237 2323 358 2394 barum
379 2344 484 2393 unum
497 2322 688 2415 pluverium
706 2323 778 2395 sive
798 2323 910 2394 visum
923 2323 964 2394 de
979 2345 1094 2395 censu.

288 2494 373 2565 Item
391 2492 496 2564 habet
514 2491 669 2599 dominus
693 2493 963 2588 archiepiscopus
982 2493 1018 2562 in
1043 2493 1114 2564 loco
1131 2497 1249 2564 vocato
1266 2491 1307 2564 de

240 2618 362 2690 Seiano
388 2617 547 2710 albergas
573 2624 708 2689 vocatas
732 2618 884 2710 albergae
910 2617 1165 2704 catalonorum3
1199 2624 1308 2689 rector

238 2743 317 2814 dicti
331 2742 395 2813 loci
408 2742 501 2812 levat
517 2764 576 2813 eas
590 2741 704 2831 modo,
721 2742 911 2835 nescioquo
923 2743 1001 2837 jure
1015 2765 1120 2835 quare
1135 2742 1304 2814 videatur.
1449 2832 1452 2837 Ι

289 2905 373 2975 Item
391 2901 496 2974 habet
529 2902 666 2994 agreria
693 2910 727 2974 et
757 2911 919 2997 tasquas,
951 2911 1119 2993 tersones,
1146 2910 1308 2996 quartum

240 3029 410 3124 quintum.

289 3191 375 3263 Item
387 3188 566 3284 soriscapia
581 3196 616 3261 et
629 3189 804 3261 laudimia.

289 3353 375 3442 Item
388 3350 518 3423 curiam
529 3350 748 3444 temporalem
762 3373 839 3422 cum
851 3351 1012 3442 annexis,
1030 3350 1157 3423 scilicet
1169 3372 1307 3445 compo-

241 3476 419 3550 sitionibus
439 3482 473 3547 et
486 3474 649 3548 emendis,

291 3640 376 3712 Item
389 3636 558 3709 notariam
572 3637 707 3708 bonam.

292 3800 378 3871 Item
402 3821 519 3872 omnes
549 3797 629 3870 dicti
659 3797 722 3870 loci
755 3803 916 3871 tenentur
949 3797 1061 3870 facere
1085 3798 1220 3872 domino
1250 3823 1311 3874 suo

243 3922 491 4017 archiepiscopo
520 3922 754 4012 Narbonensi,
792 3923 828 3994 in
869 3923 1018 3996 novitate
1047 3946 1109 3996 sua
1144 3931 1179 3996 et
1212 3922 1312 3996 toties

244 4048 375 4141 quoties
395 4047 557 4138 voluerit,
576 4055 825 4119 sacramentum
843 4047 1029 4120 fidelitatis.

293 4209 379 4280 Item
399 4207 503 4282 habet
522 4208 559 4279 in
572 4208 661 4281 dicto
677 4209 749 4282 loco
763 4209 806 4280 de
821 4209 946 4304 Sejano
961 4210 1125 4284 animalia
1134 4217 1254 4284 vocata
1266 4210 1312 4282 de
1341 4203 1345 4211 ’

248 4332 412 4430 l'cspaoe.
