3308 5430
290 595 329 656 80
742 605 832 652 urvnu
854 605 933 653 vuar

339 755 424 826 Item
452 750 494 823 de
527 751 695 823 frumento
713 759 858 844 quatuor
876 750 1038 840 sestaria,
1060 772 1163 821 unam
1184 749 1355 840 eminam,

290 877 497 971 quarteriam
516 898 619 946 unam
637 875 824 968 poneriam.

340 1029 425 1099 ltem
438 1027 479 1099 de
493 1050 602 1098 avena
617 1049 721 1098 unum
732 1026 925 1116 sestarium,
943 1025 1104 1116 eminam,
1123 1025 1343 1120 quarteriam.

342 1180 425 1251 Item
442 1178 484 1250 de
501 1178 601 1251 ordeo
619 1186 764 1271 quatuor
783 1178 938 1261 sestaria,
956 1178 1116 1268 eminam,
1135 1178 1356 1272 quarteriam.

342 1333 425 1402 Item
446 1337 599 1425 questam
620 1330 801 1402 annualem
826 1339 861 1401 et
878 1353 996 1402 carnes
1020 1330 1127 1402 salsas
1157 1331 1192 1400 in
1215 1328 1360 1402 diversis

292 1456 410 1550 petiis,
428 1456 487 1528 sed
501 1461 737 1548 computantur
751 1455 788 1526 in
802 1455 956 1549 pecunia.

342 1609 426 1680 ltem
440 1607 594 1701 agreria,
615 1614 772 1699 tasquas,
791 1612 967 1700 quartum,
991 1606 1159 1698 quintum.

343 1759 427 1829 ltem
442 1757 604 1828 laudimia
625 1765 660 1829 et
673 1757 864 1850 furiscapia.

343 1911 427 1980 Item
441 1909 571 1981 curiam
586 1909 804 2002 temporalem
818 1932 894 1981 cum
909 1909 1053 1981 annexis
1068 1917 1103 1981 et
1116 1909 1296 1982 notariam.

345 2065 428 2135 ltem
450 2062 485 2132 in
506 2061 661 2132 omnibus
672 2060 871 2154 supradictis
883 2059 962 2132 lucis
975 2060 1100 2132 bavilie
1112 2060 1215 2131 Villae
1230 2061 1362 2133 Rubeaa

296 2189 400 2262 habat
416 2187 579 2260 animalia
600 2194 718 2258 vocata
733 2187 778 2256 dc
800 2187 964 2282 l’cspucc.

346 2343 430 2413 ltem
449 2341 484 2410 in
496 2338 651 2410 amnibus
662 2338 743 2410 locis
758 2336 956 2431 supradictis
971 2337 1070 2409 dictae
1085 2338 1223 2409 baviliae
1240 2338 1364 2410 debent

296 2487 370 2538 esse
388 2465 501 2558 plures
519 2486 651 2545 censuS,
678 2485 783 2556 quare
796 2485 873 2533 cum
890 2461 1068 2575 diligentia
1084 2464 1337 2557 perquirantur.

771 2802 900 2872 LXVll

469 3054 512 3104 DE
537 3053 703 3104 uectuslls
727 3052 879 3103 BAVILIAE
905 3053 1019 3104 VILLAE
1045 3054 1185 3105 RUBEAE.

347 3268 432 3338 Haec
459 3276 538 3337 sunt
561 3266 711 3337 ecclesiae
737 3264 873 3336 baviliaa
888 3262 993 3334 Villae
1017 3263 1149 3334 Rubeae
1179 3263 1214 3332 in
1244 3262 1365 3354 quibus

299 3391 454 3462 dominus
472 3390 740 3483 archiepiscopus
761 3389 879 3482 recipit
903 3396 1030 3459 certam
1054 3387 1239 3480 portionem
1270 3386 1366 3458 deci-

300 3540 385 3605 mae,
408 3515 576 3609 premitiae
595 3522 630 3586 et
645 3522 775 3607 tauquae
793 3520 893 3607 prout
909 3512 1000 3584 infra
1020 3512 1221 3584 continetur.

351 3667 465 3737 Primo
481 3668 517 3736 iu
534 3666 673 3738 ecclesia
690 3665 731 3736 de
749 3665 889 3739 Cuxano
902 3671 1058 3758 quartam
1079 3669 1210 3757 partem
1228 3662 1368 3735 decimae

301 3800 335 3863 et
355 3792 548 3886 praemitiae.

350 3945 435 4015 ltem
453 3944 488 4014 in
504 3943 643 4015 ecclesia
661 3942 898 4036 Dumpncsana
916 3948 1072 4033 quartam
1085 3949 1216 4034 partem
1229 3941 1370 4012 decimae

303 4076 337 4141 et
354 4069 546 4163 praemitiae.

352 4222 436 4292 item
455 4221 490 4290 in
509 4219 649 4291 ecclesia
666 4219 707 4292 de
722 4219 932 4312 Ouganhanu
950 4225 1106 4312 quartam
1124 4226 1254 4312 partem
1274 4217 1370 4291 deci-

305 4369 372 4420 mae
392 4353 426 4417 et
443 4345 635 4439 praemitiae.
