3308 5430
298 551 354 613 rit
734 565 826 611 mvun
850 565 928 613 vunr

298 718 352 779 tur
373 709 471 779 nobis
496 716 530 779 et
553 707 799 779 successoribus
822 709 946 779 nostris
975 709 1011 779 iu
1037 708 1108 788 loco
1136 709 1296 803 praedicto
1321 711 1363 787 de

296 834 442 904 Limosio
461 841 499 903 ut
517 832 713 927 praedictum
737 840 789 904 est
815 831 946 904 solvere
971 841 1177 927 teneantur,
1207 835 1363 909 videlicet

295 983 398 1029 unum
416 957 596 1029 bordonern
615 959 686 1028 sive
709 958 883 1028 bacculum
898 959 1046 1030 iusteum
1062 960 1254 1053 portatilem
1270 984 1363 1035 more
1421 982 1425 991 '

294 1083 433 1177 prelati,
466 1106 525 1154 seu
546 1105 606 1176 pro
630 1083 843 1154 estimatione
870 1083 950 1154 dicti
976 1084 1086 1155 baculi
1118 1108 1177 1157 seu
1206 1086 1363 1159 burdonis

294 1212 443 1281 valorem
459 1209 585 1279 iustum
604 1208 705 1278 trium
722 1208 924 1279 llorenorum
940 1209 1015 1279 auri
1036 1210 1135 1299 boni,
1153 1210 1212 1281 fini
1229 1219 1264 1282 et
1280 1212 1361 1284 recti

295 1334 467 1428 ponderis,
487 1334 535 1404 ita
549 1333 636 1425 quorl
655 1334 745 1403 obtin
760 1333 805 1403 sit
821 1335 885 1405 mei
908 1343 942 1404 et
961 1356 1190 1406 successorum
1211 1357 1362 1407 meorum

295 1483 354 1531 seu
383 1459 463 1530 dicti
495 1457 706 1547 cancellarii,
738 1464 917 1550 actumque
954 1459 1067 1529 extitit
1101 1460 1191 1530 inter
1229 1483 1290 1531 nos
1328 1471 1363 1533 et

295 1584 490 1655 modernum
523 1582 712 1676 episcopum
752 1583 981 1672 Electensem,
1010 1584 1204 1656 nominibus
1240 1586 1362 1678 quibus

293 1731 412 1801 supra,
434 1708 521 1800 quod
540 1714 708 1800 praetextu
726 1730 845 1778 census
869 1730 929 1779 seu
951 1707 1107 1780 bondonis
1135 1732 1195 1781 seu
1222 1710 1363 1782 estima-

293 1834 394 1905 tionis
412 1834 560 1925 ipsorum
580 1854 646 1902 non
667 1831 853 1903 solutorum
871 1833 1069 1925 praedictum
1093 1833 1275 1928 hospitium
1294 1858 1361 1906 non

292 1957 390 2028 cadet
418 1980 477 2028 seu
505 1956 623 2027 cadere
658 1957 763 2050 possit
795 1957 937 2028 ulterius
970 1957 1004 2027 in
1043 1959 1276 2049 commissum,
1312 1959 1361 2033 ita

293 2092 405 2153 tamen
435 2081 522 2174 quod
557 2083 585 2152 si
616 2082 723 2152 dictus
751 2082 925 2177 episcopus
945 2083 998 2154 vel
1020 2083 1072 2153 sui
1097 2106 1304 2156 successores
1325 2085 1362 2157 in

291 2208 443 2278 futurum
471 2217 642 2278 cessarent
670 2230 729 2301 per
760 2207 844 2279 duos
879 2231 985 2278 annos
1019 2207 1073 2280 vel
1106 2208 1197 2279 ultra
1230 2210 1361 2281 solvere

291 2331 416 2404 dictum
449 2355 586 2403 censum
621 2333 674 2403 vel
711 2332 888 2403 bontionem
924 2332 1140 2425 pradictum,
1165 2357 1241 2405 cum
1261 2356 1361 2407 casus

291 2469 461 2529 occureret
494 2457 580 2549 quod
614 2480 673 2527 uos
715 2457 769 2528 vel
808 2457 924 2527 vicarii
966 2458 1071 2528 nostri
1112 2458 1290 2550 generales
1324 2459 1360 2529 in

291 2582 524 2676 spiritualibus
539 2592 573 2652 et
588 2580 828 2674 temporalibus
848 2582 970 2673 quibus
994 2605 1054 2653 seu
1078 2583 1214 2654 vicariis
1235 2584 1360 2654 nostris

291 2707 460 2778 videbitur
490 2706 678 2799 expedire,
712 2716 745 2777 et
772 2706 820 2776 ita
844 2705 971 2777 dictum
1001 2708 1192 2800 episcopum
1215 2714 1250 2778 et
1277 2731 1359 2779 suc-

291 2854 437 2902 cessores
452 2854 530 2901 suos
545 2830 587 2900 ad
606 2830 805 2901 solutionem
824 2831 1064 2923 premissorum
1078 2832 1360 2924 modopraemisso

291 2956 478 3027 faciendam
509 2955 707 3049 compellere
739 2978 799 3028 seu
833 2954 987 3048 compelli
1021 2957 1132 3028 facere
1165 2955 1356 3046 valeamus,

292 3088 329 3151 ut
356 3088 407 3151 est
438 3079 584 3166 dictum3
623 3103 700 3172 quae
732 3081 846 3151 omnia
878 3080 989 3151 dictus
1010 3081 1195 3174 episcopua,
1230 3104 1291 3175 pro
1322 3103 1359 3153 se

290 3212 324 3275 et
344 3205 589 3276 successoribus
609 3205 680 3275 suis
706 3212 740 3275 et
771 3205 910 3276 ecclesia
938 3228 1000 3275 sua
1034 3204 1214 3294 Electensi,
1247 3206 1359 3278 iacere

291 3337 325 3401 et
364 3330 494 3401 solvere
537 3330 690 3422 promisit
731 3337 765 3400 et
801 3329 1004 3423 complere,
1044 3339 1143 3423 prout
1184 3330 1287 3402 etiam
1322 3330 1359 3400 in

291 3454 361 3523 suis
395 3454 503 3524 literis
532 3454 723 3546 patentibus
755 3455 791 3523 in
821 3455 965 3525 turmam
991 3454 1206 3526 instrumenti
1232 3453 1359 3548 publici

292 3578 435 3650 redactis
476 3577 571 3648 nobis
616 3578 728 3648 missis
768 3600 828 3670 per
871 3577 1013 3648 eundem
1052 3577 1244 3671 episcopum
1281 3601 1360 3650 cum

292 3702 521 3774 satisfactione
554 3703 606 3773 sui
643 3702 782 3796 capituli
813 3702 1036 3792 ElectensiS,
1078 3725 1196 3774 eorum
1236 3703 1360 3796 sigillis

290 3827 470 3898 autenticis
496 3827 672 3921 sigillatis,
701 3827 795 3898 utin
821 3827 870 3898 eis
898 3827 1076 3919 legebatur
1096 3834 1131 3898 et
1151 3827 1261 3921 prima
1275 3825 1361 3898 facie

291 3954 497 4047 apparebat,
527 3954 629 4025 latius
660 3955 864 4024 continetur.
894 3952 1020 4023 Datum
1041 3952 1077 4022 iu
1098 3951 1224 4045 palatio
1243 3962 1360 4024 nostro

291 4078 504 4150 Narbonensi
524 4079 586 4148 sub
609 4087 722 4179 nostro
743 4077 849 4170 sigilli
877 4076 1038 4162 autentici
1068 4076 1276 4166 testimonie,
1303 4075 1359 4148 die

290 4210 325 4274 et
343 4225 432 4273 anno
453 4202 694 4294 infrascriptiS,
713 4209 747 4273 et
765 4226 824 4272 nos
836 4201 1021 4295 capitulum
1033 4201 1253 4272 Narbonense
1268 4189 1370 4294 prae·¹

292 4327 430 4416 dictum,
449 4327 599 4419 inspecta
613 4325 760 4397 utilitate
769 4325 894 4397 domini
904 4325 1143 4419 archiepiscopi
1158 4331 1193 4396 et
1206 4323 1357 4397 ecclesiae
