3308 5430
464 667 505 714 uu
525 649 761 716 u’nnenuvtent
782 669 822 716 ou
842 667 1011 718 rnnuouuu
1251 657 1290 719 87

223 837 283 908 pro
312 821 407 907 parte
435 836 498 885 sua
527 820 579 884 est
605 812 732 884 domini
756 813 998 909 arehiepisoopi
1031 815 1286 907 Narbonensis,

224 966 391 1038 etaltera
421 964 583 1036 medietas
608 963 735 1035 domini
763 965 804 1036 de
833 965 951 1038 Castro
980 965 1080 1037 Poro.

272 1118 356 1189 Item
394 1116 429 1186 in
463 1114 550 1186 dicto
587 1115 657 1186 loco
699 1115 856 1189 dominus
899 1117 1169 1212 archiepiscopus
1211 1141 1289 1211 quae

223 1249 387 1334 sequntur
415 1263 475 1333 per
503 1239 666 1311 ordinem.
719 1241 723 1249 '

272 1391 386 1462 Primo
407 1390 582 1484 pulchram
603 1391 775 1463 forestam.

271 1546 356 1616 ltem
376 1542 604 1637 pesquerium.

675 1810 823 1882 LXXIII

567 2028 649 2078 ITEM
674 2028 718 2078 DE
742 2028 943 2080 CODUNCHIS.

271 2187 440 2278 Sequntur
472 2206 591 2256 census
619 2183 784 2255 annuales
811 2183 889 2255 dieti
923 2184 985 2256 loci
1017 2184 1122 2257 debiti
1152 2185 1287 2258 domino

220 2310 468 2404 archiepiscopo
489 2307 714 2380 Narbonensi.

270 2462 384 2532 Primo
403 2460 506 2532 habet
524 2460 559 2530 in
580 2459 722 2555 pecunia
734 2460 775 2531 de
793 2482 895 2532 censu
907 2460 1134 2555 quadraginta
1148 2463 1282 2563 solidos.

269 2617 354 2686 Item
373 2637 433 2706 pro
453 2620 572 2705 questa
591 2612 730 2683 annuali
750 2613 976 2707 quadraginta
996 2614 1130 2687 solidos.

269 2768 352 2838 Item
371 2765 508 2858 agreria
529 2764 565 2835 in
584 2763 693 2835 bladis
713 2771 747 2834 et
767 2764 868 2836 fenis.

268 2918 351 2987 Item
396 2915 525 2986 curiam
570 2915 789 3008 temporalem
826 2939 903 2988 oum
945 2917 1120 3007 armenie,
1159 2918 1285 2992 scilicet

218 3041 513 3135 oornpositionibus
533 3048 568 3112 et
586 3040 750 3112 emendis

269 3197 353 3266 Item
372 3193 553 3265 notariam.

269 3349 352 3419 Item
390 3367 506 3415 omnes
546 3343 700 3416 homines
731 3344 811 3414 dieti
843 3344 906 3415 loni
943 3352 1102 3418 tenentur
1136 3349 1282 3443 [facere]

218 3472 353 3543 domino
382 3493 441 3575 suo
477 3469 752 3563 archiepiscopo,
785 3469 819 3538 in
851 3469 1000 3541 novitate
1026 3494 1088 3542 sua
1119 3480 1154 3544 et
1186 3474 1286 3546 toties

219 3597 349 3690 quoties
364 3594 521 3684 voluerit,
546 3602 793 3667 sacramentum
814 3593 999 3667 fidelitatis.

679 3861 831 3934 LXXIV

645 4081 688 4131 DE
719 4081 862 4131 GEBETZ.

270 4257 429 4348 Sequitur
448 4256 540 4327 locus
557 4254 598 4326 de
617 4255 742 4327 Gebetz
760 4255 818 4348 qui
839 4263 890 4328 est
908 4263 998 4328 totus
1020 4257 1146 4328 domini
1167 4257 1286 4328 archi-

222 4380 366 4474 episcopi
385 4381 616 4453 Narbonensis
633 4404 709 4452 oum
728 4380 919 4452 omnimoda
932 4381 1180 4474 J'urisdietione,
1200 4382 1284 4472 alta,
