3308 5430
290 575 329 636 sl
727 590 820 637 uvas
841 590 921 638 vuar

289 733 394 805 altam
419 732 687 828 jurisdictionem
715 741 750 808 et
777 758 906 808 mamm
933 757 973 807 ac
1002 735 1145 808 mixtum
1177 735 1357 830 imperinm
1490 738 1494 743 ’

290 865 324 930 et
352 858 479 953 primas
507 859 749 953 appellationes
781 868 816 932 et
847 859 1009 932 medietas
1032 859 1279 954 jurisdmtionis
1306 867 1360 932 est

291 984 334 1055 G.
356 983 509 1078 dlomini]
534 983 575 1056 de
607 984 739 1056 Ni0rto.

340 1144 424 1215 Item
445 1143 547 1216 habet
565 1145 601 1215 in
621 1144 709 1217 dioto
730 1145 801 1216 looo
819 1166 897 1238 quaa
915 1152 1079 1240 sequntur
1104 1168 1165 1240 per
1189 1146 1354 1220 ordinem.

341 1306 456 1377 Primo
479 1306 516 1376 in
544 1306 686 1399 pecunia
714 1304 756 1377 de
783 1328 885 1377 censu
915 1311 1059 1398 quatuor
1084 1305 1190 1378 libras
1209 1307 1359 1400 quinque

292 1430 426 1504 solidos.

340 1593 425 1663 Ilem
457 1590 498 1663 de
524 1613 635 1663 avena
660 1590 727 1663 duo
757 1589 913 1664 sestaria.

340 1751 555 1823 nonhabet
585 1750 733 1844 gallinas
762 1751 803 1823 de
833 1773 935 1824 censu
961 1756 1118 1845 quatuor.

340 1913 424 1984 Item
448 1912 603 2005 agreria,
635 1912 797 1984 laudimia
825 1920 859 1984 et
887 1912 1079 2007 forIsoapia.

339 2073 424 2144 Item
437 2073 567 2144 curiam
582 2073 801 2168 temporalem
811 2073 1052 2163 oumannexis,
1074 2071 1201 2146 soilioel
1218 2096 1358 2168 oompo·

291 2198 470 2270 silionibus
497 2206 532 2270 el
560 2197 723 2271 emendis.

340 2359 424 2430 llam
453 2358 635 2431 notariam.

340 2520 423 2590 Item
438 2540 554 2589 omnes
568 2517 722 2588 homines
736 2516 816 2588 uicti
835 2517 897 2587 looi
918 2522 1075 2587 tenentur
1095 2517 1205 2588 faeere
1222 2515 1359 2590 domino

290 2665 350 2715 suo
369 2651 403 2714 et
427 2642 526 2713 toties
546 2641 675 2734 quoties
701 2640 867 2729 voluerit,
897 2622 1146 2712 sacramentum
1167 2640 1353 2712 fidelitatis.

732 2980 917 3051 LXXXIII

620 3233 663 3284 DI]
689 3231 823 3284 SANCTO
847 3231 1037 3284 FERREOLO.

340 3443 500 3537 Sequitur
518 3442 610 3514 loeus
627 3442 668 3514 de
689 3441 812 3514 Sancto
827 3440 986 3513 Ferreolo
1005 3441 1063 3535 qui
1079 3448 1213 3513 nonest
1229 3440 1357 3512 domini

290 3567 529 3660 archiepisoopi
539 3621 549 3655 ,
567 3565 625 3638 sed
635 3566 775 3660 percipit
792 3565 840 3636 ibi
861 3588 951 3638 anno
961 3565 1112 3668 quolibet
1129 3588 1207 3659 quae
1225 3588 1357 3658 sequn-

292 3699 348 3762 tur
368 3690 607 3785 perordinem.

339 3851 454 3923 Primo
471 3852 507 3923 in
523 3852 663 3946 pecnnia
681 3851 722 3924 de
740 3874 842 3925 oensu
863 3858 936 3924 oolo
955 3851 1124 3925 denarios,

339 4013 423 4084 Item
441 4012 483 4085 de
501 4036 611 4086 avena
625 4013 669 4085 ad
690 4037 884 4086 mensuram
909 4013 1036 4108 Limosi
1052 4022 1181 4108 septem
1195 4014 1352 4087 sestaria.

340 4174 423 4246 Item
442 4174 589 4268 gallinas
609 4183 765 4267 quatuor.

341 4338 425 4409 Item
440 4334 619 4429 foriseapia
639 4340 673 4406 et
687 4334 849 4407 laudimia
870 4337 906 4406 in
923 4334 1094 4429 aliquibus
1112 4336 1206 4409 loeis.
