3308 5430
532 653 572 698 uu
592 635 827 701 n’nncuuvtcurl
846 654 886 700 nr
907 652 1077 702 ununouuu
1321 640 1359 702 l'l

340 798 424 869 Item
436 797 604 869 notariam
623 805 656 870 et
669 798 812 870 vetitum
830 798 914 869 vini.

340 950 424 1021 Item
455 972 571 1022 omnes
595 950 675 1021 dicti
709 950 771 1022 loci
806 957 965 1024 tenentur
995 951 1105 1023 facere
1131 950 1266 1022 domino
1297 972 1358 1022 suo

290 1074 538 1169 archiepiscopo
571 1077 808 1166 Narbonensi,
837 1078 873 1147 in
905 1077 1054 1148 novitate
1081 1099 1143 1147 sua
1171 1083 1205 1147 et
1234 1075 1358 1147 totiens

290 1199 444 1290 quotiens
460 1199 625 1284 voluerit,
644 1208 891 1272 sacramentum
908 1200 1093 1271 fidelitatis.

340 1353 424 1422 Item
451 1351 554 1424 habet
568 1353 606 1422 in
621 1353 764 1424 termino
778 1354 819 1425 de
837 1354 1024 1425 Gruissano
1043 1353 1223 1446 quamdam
1249 1352 1359 1424 basti-

290 1475 369 1547 dam
396 1484 550 1548 vocatam
576 1478 617 1549 de
642 1478 799 1573 Rayniao
828 1485 975 1571 emptam
1001 1485 1035 1550 61
1067 1478 1267 1571 acquisitam
1298 1500 1359 1571 per
1441 1462 1446 1467 ’

290 1596 462 1671 dominum
497 1624 586 1672 nuno
617 1602 872 1695 praesidentem,
907 1627 983 1674 oum
1015 1601 1227 1697 pertinentiis
1263 1601 1334 1673 suis
1346 1655 1356 1692 ‚

292 1724 436 1816 stagnio,
460 1725 606 1818 riperiis,
624 1726 844 1816 condaminiS,
863 1727 1096 1821 jurisdictione
1106 1726 1177 1798 alta
1192 1733 1226 1798 61
1242 1727 1356 1815 bassa,

292 1849 417 1939 vincia,
440 1851 647 1944 pasturagiis
665 1857 699 1923 et
719 1851 877 1922 devesiis.

786 2176 867 2247 VIII

596 2373 756 2424 ECCLESIA
781 2374 824 2423 DE
849 2373 1051 2426 GRUISSANO.

340 2556 498 2649 Sequitur
529 2557 609 2649 quid
630 2564 664 2627 et
690 2558 825 2649 qualem
846 2558 1032 2650 portionem
1061 2556 1178 2650 recipit
1203 2556 1359 2628 dominus

289 2680 558 2774 archiepiscopus
575 2681 611 2751 in
632 2681 771 2753 eeclesia
785 2683 826 2753 de
845 2683 1044 2753 Gruissano.

340 2833 455 2903 Primo
469 2833 588 2926 recipit
608 2833 823 2905 medietatem
841 2835 943 2905 totius
956 2833 1142 2926 carnelagii
1155 2844 1188 2904 et
1199 2834 1360 2905 ortalitiae

290 2981 330 3028 ac
348 2958 431 3047 olei,
458 2966 492 3030 61
507 2966 616 3029 rector
634 2959 739 3030 aliam
761 2958 988 3030 medietatem.

341 3112 424 3181 Item
442 3111 479 3180 in
494 3111 663 3203 aliquibus
675 3111 910 3181 terminalibus
924 3111 1080 3182 domiuus
1091 3111 1360 3204 archiepiscopus

291 3236 410 3329 recipit
428 3242 533 3307 totam
554 3236 718 3308 decimam
731 3291 740 3324 ‚
771 3244 806 3307 et
825 3236 861 3305 in
884 3236 1054 3328 aliquibus
1084 3236 1161 3307 aliis
1192 3243 1300 3307 reotor
1325 3244 1360 3308 et

291 3362 476 3454 capitulum
497 3361 730 3433 Narbonense.

807 3669 857 3740 IX

741 3869 784 3919 nu
809 3869 914 3920 SALIS.

344 4057 503 4149 Sequitur
525 4055 615 4125 locus
636 4054 678 4124 do
699 4054 789 4125 Salis
807 4053 864 4145 qui
886 4060 938 4123 est
965 4060 1054 4125 totus
1073 4053 1200 4124 domini
1225 4056 1362 4127 Narbo-

296 4183 411 4254 nensis
430 4179 669 4274 arohIepisoopi
690 4203 767 4249 oum
784 4178 976 4249 omnimoda
987 4178 1222 4272 jurisdictione
1236 4180 1308 4252 alta
1327 4187 1362 4253 et

297 4308 397 4380 bassa
424 4315 458 4378 et
488 4328 580 4378 mero
606 4327 646 4375 ao
675 4304 780 4373 mixto
809 4303 950 4396 imperio
970 4310 1004 4375 ot
1022 4303 1141 4397 primis
1162 4304 1362 4398 appellatio-

297 4432 409 4504 nibus.
