3308 5430
729 628 819 675 UVRE
841 628 921 676 VERT

755 800 897 871 XCVIII

678 1027 722 1076 DE
747 1027 970 1079 ANTANHACO.

340 1209 499 1302 Sequitur
532 1209 623 1280 Iocus
653 1208 694 1279 de
723 1210 923 1281 Antanhaco
955 1212 1013 1304 qui
1051 1234 1118 1282 non
1151 1221 1203 1285 est
1230 1212 1357 1285 domini

290 1333 531 1426 archiepiscopi
550 1333 794 1423 Narbonensis
813 1335 871 1405 sal
886 1335 1026 1430 percipit
1040 1337 1088 1407 ibi
1104 1360 1194 1409 anno
1209 1337 1359 1431 quolibet

290 1482 368 1551 quae
388 1468 551 1551 sequntur
570 1480 629 1551 per
646 1457 811 1531 ordinem.

340 1610 454 1681 Primo
472 1615 507 1679 iu
529 1610 670 1703 pecunia
689 1609 731 1682 de
748 1633 850 1683 censu
872 1611 1020 1705 quinque
1041 1612 1177 1684 solidos.

339 1764 424 1836 Item
444 1762 485 1833 de
505 1785 615 1834 avena
635 1770 708 1833 octo
726 1762 883 1836 sestarIa.

340 1914 424 1985 Item
441 1913 483 1985 de
502 1913 575 1985 oleo
593 1935 696 1985 unam
719 1913 879 1986 eminam.

342 2066 425 2136 Item
444 2065 621 2158 sorisoapia
640 2072 674 2137 et
694 2065 855 2137 laudimia
879 2066 914 2135 in
935 2066 1035 2138 certis
1056 2066 1151 2138 Iocis.

341 2218 425 2287 Item
446 2216 560 2287 omnia
580 2217 653 2287 Ioca
674 2216 865 2309 supradicta
880 2240 957 2309 quae
976 2225 1055 2288 sunt
1073 2219 1208 2311 propria
1233 2219 1360 2291 domini

292 2341 531 2434 archiepiscopi
554 2341 785 2412 Narbonensis
803 2342 932 2411 iaciunt
952 2341 1039 2431 sibi,
1064 2343 1099 2412 in
1124 2343 1275 2415 novitate
1298 2366 1361 2415 sua

293 2474 328 2537 et
346 2466 445 2537 toties
463 2466 593 2557 quoties
613 2465 779 2553 voluerit,
801 2474 1050 2538 sacramentum
1070 2466 1255 2539 fidelitatis.

342 2618 426 2689 Item
460 2639 576 2688 omnes
614 2618 718 2689 curioo
752 2616 898 2689 Iocorum
934 2618 1202 2712 supradictorum
1238 2621 1362 2693 debent

293 2741 493 2836 respondere
513 2743 618 2813 curiae
638 2741 814 2835 temporali
833 2742 874 2812 de
893 2740 1074 2819 Quilhano.

342 2896 426 2966 Item
456 2893 560 2966 habet
588 2893 743 2965 dominus
770 2893 1039 2987 archiepiscopus
1065 2894 1297 2967 Narbonensis
1326 2895 1361 2966 in

293 3020 448 3093 omuibus
489 3018 560 3090 suis
592 3018 673 3090 IociS
714 3018 914 3112 supradictis
956 3018 1119 3090 animalia
1161 3027 1280 3091 vocata
1316 3021 1361 3091 de

296 3149 460 3244 I’espooe.

342 3301 428 3372 Item
444 3299 481 3369 in
501 3304 572 3369 tota
593 3296 734 3368 bailivia
751 3296 792 3367 de
813 3295 982 3374 Quilhano
1002 3302 1036 3366 et
1051 3295 1087 3365 in
1107 3296 1188 3368 Iocis
1205 3296 1360 3390 partiou-

294 3425 423 3496 Iaribus
439 3424 562 3495 debent
581 3445 654 3493 esse
682 3421 796 3515 plures
814 3444 956 3507 census,
991 3420 1048 3491 sed
1078 3444 1155 3491 oum
1182 3421 1362 3514 diligentia

295 3573 354 3643 per
375 3548 525 3621 bavilum
543 3547 794 3641 perquirantur.

774 3840 889 3912 XCIX

690 4067 733 4116 DE
759 4065 960 4117 ALANHANO.

344 4253 504 4347 Sequitur
540 4252 631 4322 Iocus
666 4250 708 4323 de
745 4248 926 4320 Alanhano
949 4249 1007 4340 qui
1040 4258 1091 4319 est
1120 4254 1210 4319 totus
1234 4246 1361 4318 domini

294 4378 534 4474 archiepiscopi
560 4374 791 4449 Narbonensis
816 4398 892 4445 cum
918 4373 1109 4444 omnimoda
1127 4371 1362 4467 jurisdictione
