3308 5430
297 597 337 660 7t
738 613 832 659 crvnu
855 612 933 660 vuar

345 758 430 829 ltem
442 756 545 829 habet
563 757 597 827 in
612 756 738 850 riperia
756 756 836 827 dicti
855 756 919 829 loci
938 756 1109 833 devesiam
1127 759 1269 854 piscium
1286 786 1363 835 cum

295 905 395 977 pena.

345 1036 430 1106 ltem
444 1035 479 1105 in
496 1032 584 1105 dicto
599 1034 670 1105 loco
689 1056 827 1106 nemora
840 1034 995 1129 pulchra.

343 1187 428 1257 Item
446 1184 512 1257 duo
532 1187 737 1279 pasqueria3
762 1210 867 1258 unum
887 1195 1026 1260 vocatur
1044 1188 1301 1263 Comodunult
1327 1198 1363 1263 et

294 1311 387 1384 aliud
409 1310 529 1385 Culus
548 1312 609 1382 det
629 1309 762 1383 Cettc‘c.

342 1466 427 1535 Item
442 1463 545 1534 habet
559 1463 593 1532 in
608 1462 695 1535 dicto
710 1464 782 1535 loco
799 1463 926 1535 cridam
939 1472 973 1535 et
988 1465 1202 1558 inquantum.

343 1617 426 1686 ltem
447 1637 562 1685 omnes
578 1615 731 1686 homines
746 1615 824 1685 dicti
843 1615 904 1685 loci
930 1624 1086 1687 tenentur
1103 1618 1213 1687 lacere
1226 1616 1361 1688 domino

293 1764 354 1809 suo
376 1739 643 1832 archiepiscopo,
678 1740 713 1808 in
740 1740 890 1811 novitate
916 1748 1038 1811 suaet
1067 1741 1164 1813 toties
1191 1741 1335 1813 voluerit
1350 1795 1360 1830 ,

294 1874 542 1936 sacramentum
561 1863 745 1935 fidelitatis.

790 2122 870 2193 LIX

658 2331 740 2381 ITEM
765 2331 809 2382 DE
834 2330 995 2383 connum.

340 2516 510 2607 Sequatur
534 2537 654 2586 census
681 2514 783 2585 debiti
815 2513 965 2605 quelibet
993 2537 1083 2585 anno
1114 2513 1146 2584 in
1176 2514 1264 2586 dicto
1290 2514 1361 2586 loco

290 2639 424 2710 domino
438 2638 698 2731 archiepiscopo.

340 2790 454 2860 Primo
475 2790 510 2859 in
531 2790 673 2883 pecunia
698 2813 774 2860 cum
802 2788 990 2861 molendino
1017 2789 1131 2861 decem
1145 2789 1268 2877 libras,
1291 2796 1361 2861 tres

291 2915 424 2985 solidos.

339 3067 423 3137 ltem
441 3065 483 3137 cle
496 3065 667 3136 frumento
682 3088 787 3135 unum
803 3064 994 3136 sestarium.

338 3217 422 3289 ltem
441 3216 483 3287 de
502 3240 612 3288 avena
626 3224 770 3308 quatuor
785 3216 928 3288 sestaria
947 3239 1034 3287 rasa.

340 3370 423 3440 ltem
437 3378 516 3439 sunt
531 3367 672 3460 gallinae
691 3369 866 3439 censuales
879 3367 1140 3461 quinquaginta.

339 3519 422 3588 ltem
437 3517 541 3588 habet
561 3517 597 3586 in
617 3517 704 3587 dicto
723 3517 793 3588 loco
809 3526 946 3611 tasquus
960 3524 995 3588 et
1008 3518 1163 3610 agreria,
1181 3524 1355 3610 quartum,

289 3642 458 3734 quintum.

339 3795 422 3864 Item
443 3790 606 3863 laudimia
623 3800 657 3863 et
676 3793 867 3886 foriscapia.

338 3948 422 4018 Item
434 3944 563 4016 curiam
579 3946 798 4038 temporalem
810 3969 887 4017 cum
902 3945 1064 4034 annexis,
1083 3945 1210 4017 scilicet
1223 3969 1359 4039 compo-

290 4071 468 4143 sitionibus
486 4077 521 4141 et
540 4068 702 4141 emendis,

337 4228 422 4298 ltem
440 4224 607 4296 notariam
622 4246 699 4316 quae
714 4225 892 4317 respondet
904 4225 1048 4296 notariae
1062 4223 1167 4297 Villae
1182 4224 1326 4297 Rubeae.

339 4352 422 4423 lte-m
436 4348 600 4420 animalia
620 4353 738 4419 vocata
757 4348 801 4418 de
821 4350 984 4444 l'espuee.
