3308 5430
446 660 487 706 nu
507 640 743 708 u'nncuuvteut
763 659 804 706 nu
824 657 995 708 assuerus
1235 645 1268 706 2⁴

253 806 339 878 Item
352 805 469 899 recipit
483 804 525 877 de
539 805 678 878 usaticis
696 805 733 878 in
753 805 924 898 aliquibus
940 805 1176 878 terminalibus
1195 806 1274 878 dicti

203 929 268 1002 loci
283 930 320 1000 in
337 929 480 1024 pecunia
496 981 774 1004 ............
807 953 904 1002 xxxu
929 952 958 1002 s.
987 953 1010 1002 11
1034 930 1098 1002 d.1
1123 931 1271 1003 obolum.

252 1055 338 1127 Item
362 1054 479 1148 recipit
502 1055 538 1126 in
564 1055 736 1148 aliquibus
754 1055 991 1126 terminalibus
1015 1054 1057 1126 <le
1078 1055 1274 1128 Perinhane

203 1179 357 1252 uscham
371 1186 407 1252 et
421 1187 593 1270 tersoneS,
615 1187 774 1274 quartum
789 1236 797 1270 ,
816 1181 985 1273 quintum.

252 1303 339 1375 Item
362 1303 482 1398 recipit
508 1303 546 1375 in
574 1304 746 1398 aliquibus
771 1303 1006 1376 terminalibus
1033 1303 1213 1399 soriscapia
1240 1312 1276 1376 et

204 1426 381 1499 laudimia.

700 1553 786 1625 XlV

613 1726 658 1776 nu
683 1726 865 1777 sesamae.

254 1857 415 1951 Sequitur
432 1856 525 1929 locus
542 1856 584 1929 de
603 1856 761 1928 Gentiano
779 1857 838 1949 qui
853 1879 921 1928 nou
941 1865 993 1930 est
1012 1857 1140 1930 domini
1164 1858 1276 1931 archi·

205 1982 351 2077 episcopi
370 1982 621 2071 Narbonensis,
645 1981 704 2054 sed
724 1982 842 2076 recipit
861 1982 909 2053 ibi
930 2005 1019 2054 anno
1037 1984 1186 2077 quolibet
1199 2007 1277 2077 quae

204 2114 368 2200 sequntur
391 2129 453 2200 per
472 2106 624 2178 ordinem
641 2105 678 2177 iu
698 2107 853 2178 censibus
872 2129 933 2179 seu
954 2107 1103 2179 usaticis.

254 2240 369 2312 Primo
404 2240 446 2311 de
474 2240 644 2313 frumento
657 2293 960 2313 .............
1038 2265 1049 2312 1
1080 2241 1272 2314 sestarium.

254 2366 338 2437 ltem
357 2364 399 2436 de
424 2364 523 2437 ordeo
544 2417 995 2439 ...................
1052 2389 1087 2438 vr
1118 2365 1273 2437 sestaria.

256 2491 339 2563 Item
366 2490 402 2561 in
422 2491 563 2584 pecunia
573 2543 1021 2564 ...................
1077 2514 1113 2564 vi
1138 2490 1272 2561 solidos.

257 2618 339 2687 ltem
359 2638 463 2686 unam
481 2616 684 2686 sarcinatam
704 2614 798 2686 salis.

255 2742 341 2812 Item
362 2763 467 2812 unum
486 2740 667 2812 sestarium
685 2739 749 2811 olei
765 2739 819 2811 vel
832 2740 957 2833 viginti
973 2735 1096 2812 solidos
1110 2739 1147 2810 iu
1161 2739 1276 2834 carip-

210 2865 291 2936 mie.
1013 2928 1019 2939 .

254 2991 339 3062 ltem
369 2989 473 3061 habet
502 2989 658 3061 dominus
688 2989 958 3083 archiepiscopus
983 2989 1214 3062 Narbonensis
1240 2990 1277 3060 in

206 3123 277 3187 tota
289 3115 416 3186 bavilia
426 3115 536 3186 suade
548 3116 712 3187 Narbona
721 3115 884 3186 animalia
899 3122 1017 3186 vocata
1029 3115 1074 3184 cle
1085 3117 1236 3211 t’espaus
1250 3115 1273 3186 ¹.

256 3242 340 3312 ltem
360 3240 483 3312 debent
501 3263 575 3312 esse
595 3240 710 3333 plures
729 3262 849 3311 census
875 3248 908 3311 et
934 3239 1049 3332 aliqua
1077 3239 1147 3310 alia
1173 3239 1277 3311 deve-

207 3364 295 3452 ria,
338 3364 367 3434 si
400 3387 459 3457 per
490 3364 642 3436 bavilum
677 3363 776 3435 dictos
813 3363 950 3434 basiliae
987 3386 1063 3435 cum
1097 3363 1276 3456 diligentia

205 3489 433 3583 perquiratur.

712 3621 781 3691 XV

605 3793 648 3843 na
674 3793 878 3844 arenarius,

256 3924 415 4017 Sequitur
448 3925 539 3996 locus
574 3923 616 3995 de
647 3923 820 3995 Montellis
849 3924 907 4016 qui
940 3930 992 3996 est
1027 3932 1117 3996 totus
1151 3925 1278 3997 domini

206 4049 449 4143 archiepiscopi
468 4049 720 4138 Narbonensis,
743 4072 820 4119 cum
839 4049 1029 4121 omnimoda
1046 4050 1279 4144 jurisdictione

208 4175 281 4248 alta
298 4181 332 4247 et
350 4176 450 4247 bassa
467 4197 507 4246 ac
525 4175 631 4246 mixto
645 4174 786 4268 imperio
800 4181 834 4246 et
847 4175 966 4268 primis
980 4176 1276 4270 appellationibus

244 4389 269 4437 1.
286 4385 688 4452 sauuueoopute‚1iret'cspave,
699 4386 875 4451 droitd'tpave.
