3308 5430
295 613 352 674 408
737 626 827 672 nrunn
849 625 929 672 vnnr

341 775 424 843 Item
451 772 618 843 notariam
647 771 865 865 temporalem
895 794 972 863 quae
1006 771 1182 865 respondet
1216 772 1360 845 notariae

289 897 331 969 de
350 896 544 968 Alanhano

341 1050 423 1120 Item
442 1070 558 1119 omnes
577 1047 730 1118 homines
753 1046 830 1117 dicti
866 1047 927 1117 loci
965 1055 1121 1119 tenentur
1151 1049 1262 1121 faeere
1293 1048 1359 1120 do·

292 1174 382 1245 mino
397 1197 457 1245 suo
477 1172 725 1265 archiepiscopo
745 1172 976 1261 Narbonensi,
1008 1172 1043 1242 in
1062 1173 1212 1245 novitate
1235 1197 1298 1246 sua
1325 1185 1360 1247 et

292 1300 390 1371 toties
408 1298 537 1391 quoties
556 1297 718 1385 voluerit,
739 1305 987 1368 sacramentum
1006 1297 1191 1369 fidelitatis.

789 1626 862 1696 (llll

674 1872 718 1920 nn
743 1870 841 1921 unm
865 1870 974 1920 rinna.

340 2079 500 2172 Sequitur
514 2081 605 2151 loeus
618 2080 660 2151 de
673 2081 766 2151 Mala
778 2082 874 2151 Mata
888 2080 944 2172 qui
962 2080 1045 2150 non¹
1062 2089 1113 2151 est
1129 2086 1219 2151 totus
1233 2080 1360 2151 domini

289 2205 527 2298 archiepiscopi
563 2206 816 2295 NarbonensiS,
867 2229 942 2276 oum
976 2205 1167 2276 omnimoda
1197 2204 1361 2299 jurisdic-

292 2331 381 2401 tione
397 2332 467 2401 alta
485 2338 519 2401 et
540 2331 640 2402 bassa
658 2338 693 2402 et
723 2354 815 2402 mero
840 2353 880 2401 ae
899 2331 1004 2401 mixto
1026 2331 1166 2424 imperio
1186 2338 1220 2402 et
1241 2329 1360 2423 primis

290 2454 583 2548 appellationibus

340 2608 423 2676 ltenr
444 2606 547 2677 habet
566 2607 601 2675 in
621 2606 709 2677 dioto
727 2608 798 2678 loeo
829 2630 905 2699 quae
922 2616 1084 2699 sequntur
1102 2630 1161 2701 per
1192 2606 1356 2678 ordinem.

339 2758 454 2827 Primo
472 2757 507 2826 in
528 2758 668 2850 pecunia
689 2780 748 2851 pro
769 2766 888 2850 questa
908 2760 1047 2830 annuali
1070 2759 1193 2852 viginti
1217 2757 1355 2831 solidos.

341 2911 422 2980 ltern
443 2910 484 2980 de
500 2912 668 2981 llumento
685 2911 726 2982 de
745 2934 846 2982 censu
867 2912 932 2982 (luo
951 2912 1105 2982 sestaria.

340 3063 423 3132 ltem
439 3061 479 3132 de
498 3062 596 3134 ordeo
614 3063 680 3133 duo
698 3063 851 3134 sestaria.

341 3215 423 3286 ltern
439 3215 588 3307 agreria,
604 3224 741 3308 tasquas
759 3228 793 3286 et
812 3225 974 3306 tersones,
992 3225 1169 3309 quantum,
1188 3216 1355 3309 quintum.

337 3342 425 3438 ltem
441 3368 620 3460 iorisoapia
640 3375 675 3438 et
691 3368 865 3439 laudimia.

342 3520 425 3590 Item
443 3519 572 3589 cuniam
587 3518 804 3612 temporalem
822 3543 899 3590 oum
918 3521 1078 3609 annexis,
1115 3521 1241 3593 seilioet
1263 3544 1359 3592 eom·

293 3643 512 3736 positionibus
527 3651 561 3713 et
575 3644 737 3714 emendis.
1355 3625 1359 3633 ¹

340 3796 425 3865 ltem
446 3796 613 3866 notariam
631 3819 708 3888 qnae
728 3797 906 3889 respondet
926 3797 1070 3869 notariae
1089 3798 1132 3870 de
1161 3797 1355 3869 Alenhano

341 3951 425 4019 Item
446 3971 560 4020 omnes
584 3949 736 4019 homines
765 3948 843 4018 dicti
876 3949 939 4018 looi
969 3957 1126 4020 tenentur
1156 3951 1267 4020 faeere
1299 3948 1361 4019 do-

293 4074 384 4143 mino
403 4096 463 4143 suo
478 4074 725 4166 archiepiscopo
745 4074 976 4162 Narbonensi,
1011 4074 1047 4142 in
1075 4075 1225 4146 novitate
1244 4097 1306 4145 sua
1326 4085 1361 4145 et

293 4201 391 4270 toties
409 4199 539 4291 quoties
558 4200 717 4284 voluerit,
736 4207 983 4272 sacramentum
1000 4199 1185 4272 fidelitatis

326 4404 352 4451 1.
371 4404 401 4452 Le
416 4404 482 4453 mot:
499 4415 550 4452 non
565 4401 616 4453 doit
630 4401 679 4452 etre
692 4401 817 4466 supprime.
