3308 5430
551 642 591 688 nr
612 623 849 691 iuuentutem
869 641 910 688 un
929 611 1099 690 unuaouuu
1319 626 1358 688 63

339 789 424 860 Item
446 786 549 860 habet
567 785 604 857 in
625 786 780 858 terminis
806 785 884 857 dicti
914 785 975 857 loci
1001 809 1106 857 unum
1134 808 1253 858 nemus
1280 808 1359 880 pro-

290 912 400 1007 prium
425 911 604 1006 pulchrum
624 935 700 982 cum
721 911 858 983 devesia
878 911 1106 982 cuniculorum
1125 909 1167 982 de
1185 934 1250 1004 quo
1268 912 1359 983 ullus

288 1036 389 1110 debet
403 1037 500 1131 ligna
517 1036 667 1131 recipere
685 1037 748 1107 sub
768 1059 857 1130 pena
875 1037 1057 1128 sexaginta
1077 1035 1272 1108 solidorum.

341 1191 423 1260 Item
447 1187 539 1258 infra
562 1187 688 1258 dictum
714 1195 863 1258 castrum
891 1188 1028 1258 furnum
1057 1210 1154 1258 suum
1186 1189 1359 1282 proprium

291 1315 417 1385 fastum
429 1312 472 1384 de
486 1335 574 1384 novo
589 1312 720 1383 ratione
734 1312 1008 1404 afranquamenti
1023 1312 1103 1383 facti
1114 1335 1175 1405 per
1185 1313 1357 1386 dominum

291 1440 431 1511 Petrum
449 1437 678 1531 supradictum
698 1437 998 1530 archiepiscopum.

338 1592 422 1662 Item
451 1589 555 1662 habet
581 1591 618 1660 in
647 1590 735 1662 dioto
761 1589 833 1661 looo
862 1589 997 1661 leudam
1024 1612 1102 1682 quae
1132 1589 1358 1665 diversimode

291 1714 437 1787 levatur.

337 1867 421 1939 Item
442 1866 546 1936 habet
564 1866 599 1935 in
620 1865 708 1936 dicto
726 1864 798 1937 loeo
812 1865 942 1937 curiam
961 1866 1173 1960 spiritualem
1188 1875 1223 1940 et
1238 1868 1273 1939 iu
1289 1875 1358 1940 loto
1431 1887 1434 1892 ·

288 1991 499 2063 Terminesio
523 2014 600 2062 oum
617 1991 779 2080 annexis,
804 1989 930 2063 scilieet
950 1992 1064 2085 sigillo
1093 2000 1127 2063 et
1152 1994 1248 2086 penis
1271 2016 1360 2065 cerae

289 2123 323 2188 et
340 2114 650 2208 compositionibus,

339 2268 423 2338 Item
442 2264 546 2338 habet
563 2265 599 2336 in
619 2264 707 2337 dioto
724 2265 795 2337 loco
810 2266 977 2338 notariam
997 2273 1066 2337 tam
1086 2267 1123 2338 in
1144 2267 1239 2339 curia
1257 2291 1359 2361 quam
1411 2290 1416 2299 ·

290 2390 479 2486 temporali.

765 2621 882 2693 XLIX

545 2847 755 2898 SERVITUTES
780 2848 815 2898 IN
841 2848 945 2899 VILLA
971 2850 1100 2901 RUBEA.

338 3057 510 3150 Sequatur
542 3057 723 3128 servitutes
747 3080 831 3150 quas
863 3058 992 3129 faciunt
1017 3060 1226 3132 habitatores
1255 3061 1359 3132 Villae

290 3183 422 3254 Rubeae
457 3181 661 3253 Terminesii
695 3182 830 3253 domino
860 3190 920 3254 suo
955 3184 1090 3256 domino
1109 3185 1359 3278 archiepiscopo

290 3307 505 3378 Narbonensi
523 3329 613 3377 anno
631 3307 791 3399 quolibet.

341 3458 456 3530 Primo
490 3481 606 3530 omnes
646 3459 799 3530 homines
834 3467 867 3530 et
901 3459 1060 3530 mulieres
1092 3460 1197 3531 Villae
1227 3459 1358 3532 Rubeae

289 3584 454 3655 habentes
475 3584 638 3654 animalia
652 3584 776 3655 debent
790 3584 932 3676 quilibet
952 3608 1057 3655 unum
1076 3585 1204 3658 iornalo
1219 3587 1357 3657 anima-

144 3767 150 3777 .
290 3707 332 3780 lis
361 3709 397 3778 in
423 3732 525 3791 area,
551 3709 644 3780 aliud
674 3709 710 3779 in
736 3709 845 3781 bladis
873 3709 1112 3804 deportandiS,
1141 3718 1175 3783 ot
1206 3713 1263 3804 qui
1291 3735 1358 3783 non

291 3827 419 3901 habent
448 3814 612 3901 animalia
642 3830 765 3902 debent
795 3854 901 3901 unum
931 3831 1060 3902 iornale
1095 3831 1250 3903 indicta
1279 3855 1360 3904 area

290 3977 366 4025 cum
387 3955 483 4025 furca
502 3955 556 4025 vol
572 3955 694 4037 aliter,
716 3962 814 4048 prout
832 3956 978 4049 placebit
1002 3956 1114 4027 bavilo
1139 3956 1219 4028 dicti
1242 3957 1357 4031 castri.

340 4108 423 4177 ltem
444 4106 567 4177 debent
585 4130 701 4178 omnes
725 4106 878 4179 homines
898 4107 978 4179 dicti
1004 4109 1065 4180 looi
1089 4109 1189 4181 annis
1214 4108 1360 4201 singulis

292 4230 433 4322 quilibet
454 4253 559 4301 unum
571 4232 704 4325 jornale
718 4232 760 4304 de
779 4241 893 4305 aratro
912 4234 970 4326 qui
995 4232 1122 4306 habent
1145 4241 1298 4305 aratrum
1322 4233 1358 4303 in

292 4353 491 4425 condamina
511 4355 555 4426 ad
573 4363 699 4427 terram
717 4356 958 4429 cultivandam.
