<?xml version="1.0" encoding="UTF-8"?>
<!DOCTYPE html PUBLIC "-//W3C//DTD XHTML 1.0 Transitional//EN"
    "http://www.w3.org/TR/xhtml1/DTD/xhtml1-transitional.dtd">
<html xmlns="http://www.w3.org/1999/xhtml" xml:lang="en" lang="en">
 <head>
  <title>
</title>
<meta http-equiv="Content-Type" content="text/html;charset=utf-8" />
  <meta name='ocr-system' content='tesseract 3.04.00' />
  <meta name='ocr-capabilities' content='ocr_page ocr_carea ocr_par ocr_line ocrx_word'/>
</head>
<body>
  <div class='ocr_page' id='page_1' title='image "./livrevertdelarc00fragoog_0119.png"; bbox 0 0 3308 5430; ppageno 0'>
   <div class='ocr_carea' id='block_1_1' title="bbox 296 619 927 680">
    <p class='ocr_par' dir='ltr' id='par_1_1' title="bbox 296 619 927 680">
     <span class='ocr_line' id='line_1_1' title="bbox 296 619 927 680; baseline -0.005 0"><span class='ocrx_word' id='word_1_1' title='bbox 296 619 335 680; x_wconf 76' lang='lat'>52</span> <span class='ocrx_word' id='word_1_2' title='bbox 732 631 825 677; x_wconf 81' lang='lat' dir='ltr'>urvnn</span> <span class='ocrx_word' id='word_1_3' title='bbox 847 631 927 678; x_wconf 77' lang='lat' dir='ltr'>vuar</span> 
     </span>
    </p>
   </div>
   <div class='ocr_carea' id='block_1_2' title="bbox 293 772 1364 992">
    <p class='ocr_par' dir='ltr' id='par_1_2' title="bbox 293 772 1364 992">
     <span class='ocr_line' id='line_1_2' title="bbox 345 772 1364 870; baseline -0.003 -21"><span class='ocrx_word' id='word_1_4' title='bbox 345 779 428 849; x_wconf 89' lang='lat' dir='ltr'>Item</span> <span class='ocrx_word' id='word_1_5' title='bbox 449 776 486 846; x_wconf 91' lang='lat' dir='ltr'>in</span> <span class='ocrx_word' id='word_1_6' title='bbox 506 772 697 847; x_wconf 88' lang='lat' dir='ltr'>ecclesiado</span> <span class='ocrx_word' id='word_1_7' title='bbox 712 774 806 845; x_wconf 85' lang='lat' dir='ltr'>Villa</span> <span class='ocrx_word' id='word_1_8' title='bbox 824 776 922 846; x_wconf 87' lang='lat' dir='ltr'>Nova</span> <span class='ocrx_word' id='word_1_9' title='bbox 939 783 1096 869; x_wconf 82' lang='lat' dir='ltr'><strong>quartam</strong></span> <span class='ocrx_word' id='word_1_10' title='bbox 1114 782 1243 870; x_wconf 83' lang='lat' dir='ltr'>partem</span> <span class='ocrx_word' id='word_1_11' title='bbox 1261 775 1364 847; x_wconf 88' lang='lat' dir='ltr'>totius</span> 
     </span>
     <span class='ocr_line' id='line_1_3' title="bbox 293 898 1021 992; baseline 0 -21"><span class='ocrx_word' id='word_1_12' title='bbox 293 901 433 972; x_wconf 85' lang='lat' dir='ltr'>decimae</span> <span class='ocrx_word' id='word_1_13' title='bbox 452 899 565 981; x_wconf 88' lang='lat' dir='ltr'>bladi,</span> <span class='ocrx_word' id='word_1_14' title='bbox 587 899 674 987; x_wconf 86' lang='lat' dir='ltr'>vini,</span> <span class='ocrx_word' id='word_1_15' title='bbox 693 898 757 970; x_wconf 92' lang='lat' dir='ltr'>olei</span> <span class='ocrx_word' id='word_1_16' title='bbox 774 906 808 969; x_wconf 88' lang='lat' dir='ltr'>et</span> <span class='ocrx_word' id='word_1_17' title='bbox 820 899 1021 992; x_wconf 85' lang='lat' dir='ltr'>carnelagii.</span> 
     </span>
    </p>
   </div>
   <div class='ocr_carea' id='block_1_3' title="bbox 295 1032 1363 1250">
    <p class='ocr_par' dir='ltr' id='par_1_3' title="bbox 295 1032 1363 1250">
     <span class='ocr_line' id='line_1_4' title="bbox 343 1032 1363 1126; baseline -0.004 -20"><span class='ocrx_word' id='word_1_18' title='bbox 343 1036 427 1106; x_wconf 83' lang='lat' dir='ltr'>Item</span> <span class='ocrx_word' id='word_1_19' title='bbox 457 1033 492 1103; x_wconf 94' lang='lat' dir='ltr'>iu</span> <span class='ocrx_word' id='word_1_20' title='bbox 513 1032 655 1105; x_wconf 90' lang='lat' dir='ltr'>ecclesia</span> <span class='ocrx_word' id='word_1_21' title='bbox 679 1032 719 1103; x_wconf 85' lang='lat' dir='ltr'>tle</span> <span class='ocrx_word' id='word_1_22' title='bbox 748 1032 865 1103; x_wconf 87' lang='lat' dir='ltr'>Cassio</span> <span class='ocrx_word' id='word_1_23' title='bbox 891 1032 1039 1104; x_wconf 87' lang='lat' dir='ltr'>Castello</span> <span class='ocrx_word' id='word_1_24' title='bbox 1068 1033 1203 1104; x_wconf 80' lang='lat' dir='ltr'>tertiam</span> <span class='ocrx_word' id='word_1_25' title='bbox 1231 1037 1363 1126; x_wconf 82' lang='lat' dir='ltr'>partem</span> 
     </span>
     <span class='ocr_line' id='line_1_5' title="bbox 295 1155 1359 1250; baseline -0.004 -19"><span class='ocrx_word' id='word_1_26' title='bbox 295 1159 397 1231; x_wconf 90' lang='lat' dir='ltr'>totius</span> <span class='ocrx_word' id='word_1_27' title='bbox 410 1158 550 1229; x_wconf 78' lang='lat' dir='ltr'>docnnae</span> <span class='ocrx_word' id='word_1_28' title='bbox 569 1155 682 1245; x_wconf 84' lang='lat' dir='ltr'>bladi,</span> <span class='ocrx_word' id='word_1_29' title='bbox 703 1156 791 1245; x_wconf 89' lang='lat' dir='ltr'>vini,</span> <span class='ocrx_word' id='word_1_30' title='bbox 808 1156 871 1227; x_wconf 90' lang='lat' dir='ltr'>olei</span> <span class='ocrx_word' id='word_1_31' title='bbox 887 1166 921 1228; x_wconf 91' lang='lat' dir='ltr'>et</span> <span class='ocrx_word' id='word_1_32' title='bbox 935 1157 1122 1250; x_wconf 75' lang='lat' dir='ltr'>cernelagii</span> <span class='ocrx_word' id='word_1_33' title='bbox 1137 1164 1172 1228; x_wconf 93' lang='lat' dir='ltr'>et</span> <span class='ocrx_word' id='word_1_34' title='bbox 1186 1156 1359 1228; x_wconf 84' lang='lat' dir='ltr'>ortalitiae.</span> 
     </span>
    </p>
   </div>
   <div class='ocr_carea' id='block_1_4' title="bbox 295 1289 1362 1511">
    <p class='ocr_par' dir='ltr' id='par_1_4' title="bbox 295 1289 1362 1511">
     <span class='ocr_line' id='line_1_6' title="bbox 345 1289 1362 1364; baseline -0.004 -1"><span class='ocrx_word' id='word_1_35' title='bbox 345 1294 428 1364; x_wconf 82' lang='lat' dir='ltr'>Item</span> <span class='ocrx_word' id='word_1_36' title='bbox 459 1292 495 1361; x_wconf 93' lang='lat' dir='ltr'>in</span> <span class='ocrx_word' id='word_1_37' title='bbox 517 1290 657 1362; x_wconf 85' lang='lat' dir='ltr'>ecclesia</span> <span class='ocrx_word' id='word_1_38' title='bbox 685 1290 726 1362; x_wconf 82' lang='lat' dir='ltr'>‹Ie</span> <span class='ocrx_word' id='word_1_39' title='bbox 751 1289 935 1362; x_wconf 81' lang='lat' dir='ltr'>Albaribus</span> <span class='ocrx_word' id='word_1_40' title='bbox 967 1291 1204 1363; x_wconf 85' lang='lat' dir='ltr'>Ferrariarum</span> <span class='ocrx_word' id='word_1_41' title='bbox 1227 1290 1362 1363; x_wconf 78' lang='lat' dir='ltr'>tertiam</span> 
     </span>
     <span class='ocr_line' id='line_1_7' title="bbox 295 1412 722 1511; baseline -0.007 -23"><span class='ocrx_word' id='word_1_42' title='bbox 295 1424 426 1511; x_wconf 90' lang='lat' dir='ltr'>partem</span> <span class='ocrx_word' id='word_1_43' title='bbox 446 1412 550 1487; x_wconf 90' lang='lat' dir='ltr'>totius</span> <span class='ocrx_word' id='word_1_44' title='bbox 568 1414 722 1486; x_wconf 75' lang='lat' dir='ltr'>deciman.</span> 
     </span>
    </p>
   </div>
   <div class='ocr_carea' id='block_1_5' title="bbox 293 1547 1364 2396">
    <p class='ocr_par' dir='ltr' id='par_1_5' title="bbox 343 1547 1311 1642">
     <span class='ocr_line' id='line_1_8' title="bbox 343 1547 1311 1642; baseline -0.002 -22"><span class='ocrx_word' id='word_1_45' title='bbox 343 1551 427 1622; x_wconf 88' lang='lat' dir='ltr'>Item</span> <span class='ocrx_word' id='word_1_46' title='bbox 447 1550 489 1621; x_wconf 91' lang='lat' dir='ltr'>de</span> <span class='ocrx_word' id='word_1_47' title='bbox 509 1548 702 1641; x_wconf 87' lang='lat' dir='ltr'>Jonqueriis</span> <span class='ocrx_word' id='word_1_48' title='bbox 721 1555 877 1641; x_wconf 84' lang='lat' dir='ltr'>quartam</span> <span class='ocrx_word' id='word_1_49' title='bbox 892 1555 1023 1642; x_wconf 92' lang='lat' dir='ltr'>partem</span> <span class='ocrx_word' id='word_1_50' title='bbox 1040 1547 1143 1620; x_wconf 89' lang='lat' dir='ltr'>totius</span> <span class='ocrx_word' id='word_1_51' title='bbox 1158 1547 1311 1620; x_wconf 69' lang='lat' dir='ltr'>decimae.</span> 
     </span>
    </p>

    <p class='ocr_par' dir='ltr' id='par_1_6' title="bbox 295 1681 1364 1880">
     <span class='ocr_line' id='line_1_9' title="bbox 345 1681 1364 1777; baseline -0.003 -22"><span class='ocrx_word' id='word_1_52' title='bbox 345 1686 428 1756; x_wconf 89' lang='lat' dir='ltr'>Item</span> <span class='ocrx_word' id='word_1_53' title='bbox 462 1683 497 1753; x_wconf 92' lang='lat' dir='ltr'>in</span> <span class='ocrx_word' id='word_1_54' title='bbox 527 1682 667 1755; x_wconf 86' lang='lat' dir='ltr'>ecclesie</span> <span class='ocrx_word' id='word_1_55' title='bbox 693 1682 733 1752; x_wconf 89' lang='lat' dir='ltr'>de</span> <span class='ocrx_word' id='word_1_56' title='bbox 749 1681 908 1776; x_wconf 82' lang='lat' dir='ltr'>Costogia</span> <span class='ocrx_word' id='word_1_57' title='bbox 923 1689 1081 1776; x_wconf 85' lang='lat' dir='ltr'>quartam</span> <span class='ocrx_word' id='word_1_58' title='bbox 1110 1690 1241 1777; x_wconf 88' lang='lat' dir='ltr'>partem</span> <span class='ocrx_word' id='word_1_59' title='bbox 1260 1681 1364 1752; x_wconf 88' lang='lat' dir='ltr'>totius</span> 
     </span>
     <span class='ocr_line' id='line_1_10' title="bbox 295 1805 447 1880; baseline 0.02 -4"><span class='ocrx_word' id='word_1_60' title='bbox 295 1805 447 1880; x_wconf 86' lang='lat' dir='ltr'>decimae.</span> 
     </span>
    </p>

    <p class='ocr_par' dir='ltr' id='par_1_7' title="bbox 295 1938 1363 2138">
     <span class='ocr_line' id='line_1_11' title="bbox 344 1938 1363 2034; baseline -0.002 -23"><span class='ocrx_word' id='word_1_61' title='bbox 344 1942 428 2011; x_wconf 90' lang='lat' dir='ltr'>Item</span> <span class='ocrx_word' id='word_1_62' title='bbox 456 1941 492 2010; x_wconf 91' lang='lat' dir='ltr'>in</span> <span class='ocrx_word' id='word_1_63' title='bbox 525 1940 665 2012; x_wconf 72' lang='lat' dir='ltr'>ecclesia</span> <span class='ocrx_word' id='word_1_64' title='bbox 693 1939 734 2012; x_wconf 90' lang='lat' dir='ltr'>de</span> <span class='ocrx_word' id='word_1_65' title='bbox 767 1938 912 2010; x_wconf 79' lang='lat' dir='ltr'>Furchis</span> <span class='ocrx_word' id='word_1_66' title='bbox 932 1946 1088 2033; x_wconf 87' lang='lat' dir='ltr'>quartam</span> <span class='ocrx_word' id='word_1_67' title='bbox 1107 1947 1238 2034; x_wconf 84' lang='lat' dir='ltr'>partem</span> <span class='ocrx_word' id='word_1_68' title='bbox 1260 1938 1363 2009; x_wconf 85' lang='lat' dir='ltr'>totius</span> 
     </span>
     <span class='ocr_line' id='line_1_12' title="bbox 295 2064 447 2138; baseline 0.007 -2"><span class='ocrx_word' id='word_1_69' title='bbox 295 2064 447 2138; x_wconf 87' lang='lat' dir='ltr'>decimae.</span> 
     </span>
    </p>

    <p class='ocr_par' dir='ltr' id='par_1_8' title="bbox 293 2199 1361 2396">
     <span class='ocr_line' id='line_1_13' title="bbox 343 2199 1361 2291; baseline -0.004 -20"><span class='ocrx_word' id='word_1_70' title='bbox 343 2200 425 2271; x_wconf 88' lang='lat' dir='ltr'>Item</span> <span class='ocrx_word' id='word_1_71' title='bbox 446 2199 483 2269; x_wconf 91' lang='lat' dir='ltr'>iu</span> <span class='ocrx_word' id='word_1_72' title='bbox 504 2199 643 2271; x_wconf 86' lang='lat' dir='ltr'>ecclesia</span> <span class='ocrx_word' id='word_1_73' title='bbox 665 2199 707 2270; x_wconf 90' lang='lat' dir='ltr'>de</span> <span class='ocrx_word' id='word_1_74' title='bbox 736 2199 844 2271; x_wconf 85' lang='lat' dir='ltr'>Fonte</span> <span class='ocrx_word' id='word_1_75' title='bbox 873 2199 1015 2270; x_wconf 87' lang='lat' dir='ltr'>Ioncoso</span> <span class='ocrx_word' id='word_1_76' title='bbox 1041 2205 1196 2291; x_wconf 88' lang='lat' dir='ltr'>quartam</span> <span class='ocrx_word' id='word_1_77' title='bbox 1230 2204 1361 2291; x_wconf 86' lang='lat' dir='ltr'>partem</span> 
     </span>
     <span class='ocr_line' id='line_1_14' title="bbox 293 2322 1013 2396; baseline -0.004 0"><span class='ocrx_word' id='word_1_78' title='bbox 293 2325 397 2396; x_wconf 85' lang='lat' dir='ltr'>totius</span> <span class='ocrx_word' id='word_1_79' title='bbox 414 2324 554 2396; x_wconf 86' lang='lat' dir='ltr'>decimae</span> <span class='ocrx_word' id='word_1_80' title='bbox 572 2331 606 2396; x_wconf 91' lang='lat' dir='ltr'>et</span> <span class='ocrx_word' id='word_1_81' title='bbox 623 2324 714 2395; x_wconf 87' lang='lat' dir='ltr'>ultra</span> <span class='ocrx_word' id='word_1_82' title='bbox 729 2330 833 2395; x_wconf 88' lang='lat' dir='ltr'>totam</span> <span class='ocrx_word' id='word_1_83' title='bbox 848 2322 1013 2394; x_wconf 74' lang='lat' dir='ltr'>toscham.</span> 
     </span>
    </p>
   </div>
   <div class='ocr_carea' id='block_1_6' title="bbox 290 2454 1376 3552">
    <p class='ocr_par' dir='ltr' id='par_1_9' title="bbox 290 2454 1362 2776">
     <span class='ocr_line' id='line_1_15' title="bbox 342 2454 1362 2529; baseline 0 -2"><span class='ocrx_word' id='word_1_84' title='bbox 342 2459 426 2529; x_wconf 85' lang='lat' dir='ltr'>Item</span> <span class='ocrx_word' id='word_1_85' title='bbox 444 2458 480 2527; x_wconf 95' lang='lat' dir='ltr'>in</span> <span class='ocrx_word' id='word_1_86' title='bbox 501 2457 651 2528; x_wconf 88' lang='lat' dir='ltr'>novitate</span> <span class='ocrx_word' id='word_1_87' title='bbox 671 2458 807 2528; x_wconf 85' lang='lat' dir='ltr'>rectoris</span> <span class='ocrx_word' id='word_1_88' title='bbox 828 2456 906 2528; x_wconf 90' lang='lat' dir='ltr'>dicti</span> <span class='ocrx_word' id='word_1_89' title='bbox 931 2455 995 2527; x_wconf 92' lang='lat' dir='ltr'>Ioci</span> <span class='ocrx_word' id='word_1_90' title='bbox 1019 2454 1123 2527; x_wconf 87' lang='lat' dir='ltr'>habet</span> <span class='ocrx_word' id='word_1_91' title='bbox 1140 2455 1187 2526; x_wconf 93' lang='lat' dir='ltr'>ibi</span> <span class='ocrx_word' id='word_1_92' title='bbox 1205 2454 1362 2527; x_wconf 90' lang='lat' dir='ltr'>dominus</span> 
     </span>
     <span class='ocr_line' id='line_1_16' title="bbox 292 2579 1361 2676; baseline -0.001 -25"><span class='ocrx_word' id='word_1_93' title='bbox 292 2581 560 2676; x_wconf 80' lang='lat' dir='ltr'>archiepiscopus</span> <span class='ocrx_word' id='word_1_94' title='bbox 580 2581 827 2674; x_wconf 84' lang='lat' dir='ltr'>quinquaginta</span> <span class='ocrx_word' id='word_1_95' title='bbox 844 2580 967 2653; x_wconf 84' lang='lat' dir='ltr'>solidos</span> <span class='ocrx_word' id='word_1_96' title='bbox 985 2602 1070 2672; x_wconf 87' lang='lat' dir='ltr'>quos</span> <span class='ocrx_word' id='word_1_97' title='bbox 1085 2580 1167 2652; x_wconf 89' lang='lat' dir='ltr'>emit</span> <span class='ocrx_word' id='word_1_98' title='bbox 1186 2603 1207 2650; x_wconf 90' lang='lat' dir='ltr'>a</span> <span class='ocrx_word' id='word_1_99' title='bbox 1226 2579 1361 2651; x_wconf 89' lang='lat' dir='ltr'>domino</span> 
     </span>
     <span class='ocr_line' id='line_1_17' title="bbox 290 2704 1112 2776; baseline -0.001 0"><span class='ocrx_word' id='word_1_100' title='bbox 290 2705 332 2776; x_wconf 89' lang='lat' dir='ltr'>de</span> <span class='ocrx_word' id='word_1_101' title='bbox 354 2705 524 2776; x_wconf 84' lang='lat' dir='ltr'>Duroforti</span> <span class='ocrx_word' id='word_1_102' title='bbox 546 2704 702 2776; x_wconf 81' lang='lat' dir='ltr'>(lominus</span> <span class='ocrx_word' id='word_1_103' title='bbox 723 2706 843 2775; x_wconf 82' lang='lat' dir='ltr'>Petrus</span> <span class='ocrx_word' id='word_1_104' title='bbox 867 2705 1112 2776; x_wconf 80' lang='lat' dir='ltr'>Narbonensis,</span> 
     </span>
    </p>

    <p class='ocr_par' dir='ltr' id='par_1_10' title="bbox 291 2836 1361 3033">
     <span class='ocr_line' id='line_1_18' title="bbox 342 2836 1361 2931; baseline -0.003 -21"><span class='ocrx_word' id='word_1_105' title='bbox 342 2841 424 2910; x_wconf 92' lang='lat' dir='ltr'>Item</span> <span class='ocrx_word' id='word_1_106' title='bbox 457 2838 493 2908; x_wconf 93' lang='lat' dir='ltr'>in</span> <span class='ocrx_word' id='word_1_107' title='bbox 526 2839 665 2910; x_wconf 86' lang='lat' dir='ltr'>ecclesia</span> <span class='ocrx_word' id='word_1_108' title='bbox 697 2839 739 2909; x_wconf 90' lang='lat' dir='ltr'>de</span> <span class='ocrx_word' id='word_1_109' title='bbox 772 2837 878 2909; x_wconf 89' lang='lat' dir='ltr'>Donis</span> <span class='ocrx_word' id='word_1_110' title='bbox 907 2849 1063 2931; x_wconf 87' lang='lat' dir='ltr'>quartam</span> <span class='ocrx_word' id='word_1_111' title='bbox 1095 2845 1225 2931; x_wconf 89' lang='lat' dir='ltr'>partem</span> <span class='ocrx_word' id='word_1_112' title='bbox 1256 2836 1361 2908; x_wconf 87' lang='lat' dir='ltr'>tetius</span> 
     </span>
     <span class='ocr_line' id='line_1_19' title="bbox 291 2961 443 3033; baseline 0.007 -1"><span class='ocrx_word' id='word_1_113' title='bbox 291 2961 443 3033; x_wconf 72' lang='lat' dir='ltr'>decimat.</span> 
     </span>
    </p>

    <p class='ocr_par' dir='ltr' id='par_1_11' title="bbox 292 3094 1376 3292">
     <span class='ocr_line' id='line_1_20' title="bbox 341 3094 1376 3187; baseline -0.003 -20"><span class='ocrx_word' id='word_1_114' title='bbox 341 3097 425 3167; x_wconf 87' lang='lat' dir='ltr'>Item</span> <span class='ocrx_word' id='word_1_115' title='bbox 455 3097 490 3166; x_wconf 93' lang='lat' dir='ltr'>in</span> <span class='ocrx_word' id='word_1_116' title='bbox 518 3094 659 3167; x_wconf 85' lang='lat' dir='ltr'>ecclesia</span> <span class='ocrx_word' id='word_1_117' title='bbox 687 3095 728 3166; x_wconf 89' lang='lat' dir='ltr'>de</span> <span class='ocrx_word' id='word_1_118' title='bbox 758 3097 874 3166; x_wconf 89' lang='lat' dir='ltr'>Monte</span> <span class='ocrx_word' id='word_1_119' title='bbox 907 3096 1034 3167; x_wconf 88' lang='lat' dir='ltr'>Sereno</span> <span class='ocrx_word' id='word_1_120' title='bbox 1068 3095 1203 3168; x_wconf 83' lang='lat' dir='ltr'>tertiam</span> <span class='ocrx_word' id='word_1_121' title='bbox 1230 3102 1376 3187; x_wconf 84' lang='lat' dir='ltr'>partem</span> 
     </span>
     <span class='ocr_line' id='line_1_21' title="bbox 292 3219 569 3292; baseline 0 -1"><span class='ocrx_word' id='word_1_122' title='bbox 292 3221 394 3292; x_wconf 90' lang='lat' dir='ltr'>totius</span> <span class='ocrx_word' id='word_1_123' title='bbox 418 3219 569 3292; x_wconf 88' lang='lat' dir='ltr'>decimae.</span> 
     </span>
    </p>

    <p class='ocr_par' dir='ltr' id='par_1_12' title="bbox 292 3352 1359 3552">
     <span class='ocr_line' id='line_1_22' title="bbox 341 3352 1359 3426; baseline 0 -2"><span class='ocrx_word' id='word_1_124' title='bbox 341 3356 425 3426; x_wconf 93' lang='lat' dir='ltr'>Item</span> <span class='ocrx_word' id='word_1_125' title='bbox 441 3355 476 3425; x_wconf 94' lang='lat' dir='ltr'>in</span> <span class='ocrx_word' id='word_1_126' title='bbox 495 3354 634 3425; x_wconf 86' lang='lat' dir='ltr'>eeclesia</span> <span class='ocrx_word' id='word_1_127' title='bbox 647 3354 688 3425; x_wconf 87' lang='lat' dir='ltr'>de</span> <span class='ocrx_word' id='word_1_128' title='bbox 703 3354 857 3424; x_wconf 86' lang='lat' dir='ltr'>Petriaco</span> <span class='ocrx_word' id='word_1_129' title='bbox 877 3353 1087 3424; x_wconf 88' lang='lat' dir='ltr'>medietatem</span> <span class='ocrx_word' id='word_1_130' title='bbox 1104 3353 1207 3424; x_wconf 92' lang='lat' dir='ltr'>totius</span> <span class='ocrx_word' id='word_1_131' title='bbox 1220 3352 1359 3425; x_wconf 85' lang='lat' dir='ltr'>decimae</span> 
     </span>
     <span class='ocr_line' id='line_1_23' title="bbox 292 3477 743 3552; baseline -0.009 0"><span class='ocrx_word' id='word_1_132' title='bbox 292 3486 326 3552; x_wconf 89' lang='lat' dir='ltr'>et</span> <span class='ocrx_word' id='word_1_133' title='bbox 347 3479 437 3550; x_wconf 89' lang='lat' dir='ltr'>ultra</span> <span class='ocrx_word' id='word_1_134' title='bbox 452 3486 556 3549; x_wconf 88' lang='lat' dir='ltr'>totam</span> <span class='ocrx_word' id='word_1_135' title='bbox 578 3477 743 3549; x_wconf 90' lang='lat' dir='ltr'>tascham.</span> 
     </span>
    </p>
   </div>
   <div class='ocr_carea' id='block_1_7' title="bbox 717 3657 928 3872">
    <p class='ocr_par' dir='ltr' id='par_1_13' title="bbox 717 3657 928 3872">
     <span class='ocr_line' id='line_1_24' title="bbox 747 3657 904 3727; baseline 0 0"><span class='ocrx_word' id='word_1_136' title='bbox 747 3657 904 3727; x_wconf 82' lang='lat' dir='ltr'>XXXVI</span> 
     </span>
     <span class='ocr_line' id='line_1_25' title="bbox 717 3821 928 3872; baseline 0 -2"><span class='ocrx_word' id='word_1_137' title='bbox 717 3821 760 3870; x_wconf 81' lang='lat' dir='ltr'>on</span> <span class='ocrx_word' id='word_1_138' title='bbox 789 3822 928 3872; x_wconf 77' lang='lat' dir='ltr'>ariane.</span> 
     </span>
    </p>
   </div>
   <div class='ocr_carea' id='block_1_8' title="bbox 289 3966 1358 4438">
    <p class='ocr_par' dir='ltr' id='par_1_14' title="bbox 289 3966 1358 4438">
     <span class='ocr_line' id='line_1_26' title="bbox 340 3966 1357 4062; baseline -0.003 -23"><span class='ocrx_word' id='word_1_139' title='bbox 340 3968 498 4060; x_wconf 88' lang='lat' dir='ltr'>Sequitur</span> <span class='ocrx_word' id='word_1_140' title='bbox 537 3968 628 4039; x_wconf 88' lang='lat' dir='ltr'>Iocus</span> <span class='ocrx_word' id='word_1_141' title='bbox 663 3968 703 4039; x_wconf 91' lang='lat' dir='ltr'>de</span> <span class='ocrx_word' id='word_1_142' title='bbox 741 3967 874 4062; x_wconf 85' lang='lat' dir='ltr'>Apiano</span> <span class='ocrx_word' id='word_1_143' title='bbox 912 3968 969 4060; x_wconf 92' lang='lat' dir='ltr'>qui</span> <span class='ocrx_word' id='word_1_144' title='bbox 1010 3975 1062 4039; x_wconf 90' lang='lat' dir='ltr'>est</span> <span class='ocrx_word' id='word_1_145' title='bbox 1104 3977 1195 4039; x_wconf 89' lang='lat' dir='ltr'>totus</span> <span class='ocrx_word' id='word_1_146' title='bbox 1230 3966 1357 4038; x_wconf 91' lang='lat' dir='ltr'>domini</span> 
     </span>
     <span class='ocr_line' id='line_1_27' title="bbox 289 4091 1358 4187; baseline -0.001 -22"><span class='ocrx_word' id='word_1_147' title='bbox 289 4093 529 4187; x_wconf 88' lang='lat' dir='ltr'>archiepiscopi</span> <span class='ocrx_word' id='word_1_148' title='bbox 547 4093 801 4181; x_wconf 84' lang='lat' dir='ltr'>Narbonensis,</span> <span class='ocrx_word' id='word_1_149' title='bbox 821 4116 898 4162; x_wconf 92' lang='lat' dir='ltr'>cum</span> <span class='ocrx_word' id='word_1_150' title='bbox 914 4092 1104 4163; x_wconf 90' lang='lat' dir='ltr'>omnimoda</span> <span class='ocrx_word' id='word_1_151' title='bbox 1123 4091 1358 4185; x_wconf 85' lang='lat' dir='ltr'>jurisdictione</span> 
     </span>
     <span class='ocr_line' id='line_1_28' title="bbox 290 4202 1357 4311; baseline -0.002 -21"><span class='ocrx_word' id='word_1_152' title='bbox 290 4220 360 4290; x_wconf 88' lang='lat' dir='ltr'>alta</span> <span class='ocrx_word' id='word_1_153' title='bbox 393 4224 427 4290; x_wconf 89' lang='lat' dir='ltr'>et</span> <span class='ocrx_word' id='word_1_154' title='bbox 459 4219 558 4290; x_wconf 84' lang='lat' dir='ltr'>bassa</span> <span class='ocrx_word' id='word_1_155' title='bbox 588 4225 622 4290; x_wconf 89' lang='lat' dir='ltr'>et</span> <span class='ocrx_word' id='word_1_156' title='bbox 653 4240 744 4289; x_wconf 91' lang='lat' dir='ltr'>merc</span> <span class='ocrx_word' id='word_1_157' title='bbox 780 4240 821 4289; x_wconf 89' lang='lat' dir='ltr'>ac</span> <span class='ocrx_word' id='word_1_158' title='bbox 849 4217 955 4288; x_wconf 85' lang='lat' dir='ltr'>mixto</span> <span class='ocrx_word' id='word_1_159' title='bbox 987 4217 1128 4311; x_wconf 92' lang='lat' dir='ltr'>imperio</span> <span class='ocrx_word' id='word_1_160' title='bbox 1161 4240 1201 4289; x_wconf 90' lang='lat' dir='ltr'>ac</span> <span class='ocrx_word' id='word_1_161' title='bbox 1238 4202 1357 4310; x_wconf 91' lang='lat' dir='ltr'>primis</span> 
     </span>
     <span class='ocr_line' id='line_1_29' title="bbox 290 4342 584 4438; baseline -0.007 -23"><span class='ocrx_word' id='word_1_162' title='bbox 290 4342 584 4438; x_wconf 88' lang='lat' dir='ltr'>appellationibus.</span> 
     </span>
    </p>
   </div>
   <div class='ocr_carea' id='block_1_9' title="bbox 0 0 1658 5430">
    <p class='ocr_par' dir='ltr' id='par_1_15' title="bbox 0 0 1658 5430">
     <span class='ocr_line' id='line_1_30' title="bbox 0 0 1658 5430; baseline 0 1"><span class='ocrx_word' id='word_1_163' title='bbox 0 0 1658 5430; x_wconf 95' lang='lat' dir='ltr'> </span> 
     </span>
    </p>
   </div>
  </div>
 </body>
</html>
