3308 5430
300 677 358 738 tto
754 691 847 737 mvnr
870 691 948 738 vnnr

346 837 429 908 Item
447 835 563 907 eadem
582 835 721 907 ecclesia
735 835 777 908 de
796 835 895 907 ordeo
912 834 978 906 duo
991 834 1146 908 sestaria.

347 988 428 1057 Item
468 985 608 1058 ecclesia
636 985 678 1056 de
709 985 897 1057 Jubilantio
920 986 962 1057 de
998 986 1166 1057 frumento
1192 985 1258 1057 duo
1287 1007 1366 1057 ses·

295 1110 397 1182 tarta.

345 1263 428 1333 Item
447 1261 563 1333 eadem
584 1261 724 1334 ecclesia
743 1262 784 1332 de
799 1260 898 1333 ordeo
919 1261 985 1331 duo
1003 1261 1157 1334 sestaria.

346 1416 485 1484 Summa
511 1413 671 1484 frumenti
688 1422 964 1506 quartonetornm
985 1411 1223 1506 przelictarum
1251 1412 1363 1484 00010-

295 1537 423 1607 siarum
442 1537 584 1628 triginta
602 1547 675 1607 octo
690 1537 845 1607 sestaria.

344 1687 484 1759 Summa
498 1685 588 1756 ordei
607 1685 648 1756 (10
668 1688 876 1779 quartonetis
892 1686 1129 1780 praedictorum
1145 1685 1363 1757 ecclesiarum

295 1810 437 1902 triginta
455 1819 527 1880 octo
549 1811 705 1881 sestaria.

763 2111 896 2183 CXXX

501 2338 544 2388 DE
569 2338 735 2389 coenosus
761 2339 912 2388 BAVILIAE
938 2338 981 2388 DE
1006 2338 1153 2389 CANETO.

342 2538 511 2630 Sequntnr
532 2538 681 2611 ecclesiae
696 2537 1361 2631 1)ον11100(10000010000010010010000

292 2664 441 2757 quolibet
461 2663 594 2733 domino
613 2661 863 2755 archiepiscopo
884 2661 1098 2732 Narbonensi
1112 2661 1304 2754 pontionem
1323 2661 1360 2731 in

292 2788 457 2882 pecunia,
481 2796 580 2880 prout
604 2787 746 2857 inferius
766 2787 968 2857 continetur.

340 2941 455 3010 Primo
473 2939 613 3010 ecclesia
628 2937 669 3008 de
689 2937 813 3008 Sancta
831 2937 971 3007 Valeria
990 2936 1091 3006 solvit
1115 2936 1259 3029 triginta
1278 2936 1362 3007 duos

290 3064 427 3137 solidos,

287 3292 290 3297 ,
341 3217 424 3288 ltem
443 3215 582 3287 ecclesia
597 3214 638 3286 de
657 3214 860 3292 Quilhaneto
875 3213 1054 3285 octodecim
1076 3213 1210 3285 solidos.

341 3370 425 3438 item
443 3367 584 3439 ecclesia
603 3366 645 3438 de
664 3365 771 3436 Scalis
789 3365 979 3458 quindecim
999 3365 1135 3437 solidos.

341 3522 354 3590 1
371 3543 424 3590 em
443 3518 584 3590 ecclesia
600 3519 641 3587 de
660 3519 760 3610 Rupe
776 3517 888 3588 Curva
907 3516 1031 3609 viginti
1050 3517 1185 3588 solidos.

358 3535 370 3589 t

340 3673 425 3742 item
443 3669 582 3741 ecclesia
597 3669 638 3740 de
652 3668 793 3739 Serema
811 3668 1000 3762 quindecim
1017 3668 1152 3740 solidos

357 3828 370 3892 t

340 3824 353 3892 1
371 3845 424 3892 em
442 3820 582 3892 ecclesia
595 3819 637 3890 de
650 3819 806 3892 Robiano
824 3828 897 3890 octo
916 3819 1051 3890 solidos.

339 3975 423 4044 Item
441 3972 581 4043 ecclesia
601 3971 642 4042 de
655 3971 897 4042 Ornationibus
912 3972 1035 4064 viginti
1052 3970 1190 4041 solidos.

340 4126 423 4194 Item
438 4122 577 4195 ecclesia
591 4122 632 4192 de
651 4123 818 4193 Botenaco
833 4122 1059 4214 quadraginta
1074 4121 1210 4194 solidos,

341 4278 422 4346 Item
445 4274 584 4345 ecclesia
602 4273 642 4343 de
658 4273 838 4344 Conilhaco
859 4273 1031 4344 duodecim
1046 4272 1181 4343 solidm.

342 4429 426 4499 item
441 4426 581 4498 ecclesia
600 4425 642 4496 de
660 4425 916 4517 Monterabegio
934 4424 1123 4517 quindecim
1146 4422 1283 4496 solidos,
