3308 5430
453 641 494 688 nr
512 621 749 688 n'rncnnvtcnrl
768 641 808 686 nn
828 637 999 688 nannonnn
1241 626 1278 685 33

693 868 812 938 XXIII

574 1069 658 1120 ITEM
683 1070 727 1119 DE
752 1068 916 1120 POLERIIS.

264 1255 435 1348 Sequntur
463 1275 584 1326 census
618 1253 783 1325 annuales
802 1252 891 1327 ,dicti
921 1251 984 1323 loci
1011 1251 1115 1323 debiti
1150 1250 1284 1322 domino

215 1379 464 1473 archiepiscopo
478 1378 705 1450 Narbonensi.

263 1532 380 1602 Primo
394 1531 431 1600 In
450 1518 592 1624 pecunia
606 1529 767 1602 tredecim
788 1529 899 1602 solidi.

264 1682 349 1754 Item
366 1680 408 1754 de
422 1682 591 1752 frumento
610 1681 700 1752 ultra
718 1682 875 1770 furnum,
900 1704 988 1753 rinus
1006 1680 1184 1754 sestarius.

265 1832 351 1902 Item
373 1831 414 1903 de
438 1831 538 1902 ordeo
571 1839 706 1903 centum
738 1831 985 1925 quinquaginta
1018 1832 1084 1903 (Ino
1121 1831 1282 1921 sestaria,

216 1956 330 2028 emina
350 1967 384 2028 et
399 1956 583 2050 quarteria.

267 2107 434 2203 Itemplus
443 2108 623 2202 acquisivit
631 2107 787 2180 dominus
798 2109 1135 2181 meusaGuiIhermo
1145 2108 1285 2180 Martini

218 2233 261 2306 (Ie
275 2232 393 2327 Capite
408 2234 537 2305 Stanno
552 2233 696 2326 triginta
717 2233 783 2304 duo
801 2234 943 2325 sestaria
961 2235 1066 2306 ordei.

268 2385 354 2457 Item
371 2384 446 2478 plus
463 2385 644 2477 acquisivit
659 2386 702 2455 ab
722 2385 837 2457 eodem
853 2393 922 2457 tres
940 2386 1046 2458 libras
1063 2387 1105 2459 dc
1123 2387 1249 2479 pipere.

268 2536 353 2607 Item
374 2536 450 2630 plus
464 2536 644 2628 acquisivit
659 2543 728 2608 tres
741 2537 901 2629 gallinas

270 2687 355 2759 Item
373 2694 442 2759 tres
463 2688 611 2781 gallinas
630 2689 805 2760 censuales
819 2714 896 2761 cum
917 2689 1070 2763 dimidia.

269 2842 353 2913 Item
367 2861 472 2911 unam
490 2841 669 2911 salmatam
689 2841 730 2912 de
744 2864 859 2913 censu.

270 2993 354 3062 Item
369 2990 473 3063 habet
492 2992 540 3062 ibi
561 2991 737 3086 albergam,
768 2993 826 3064 sed
852 2994 1059 3087 computavit
1090 2995 1125 3065 in
1158 3018 1290 3066 summa

220 3117 263 3188 de
279 3115 397 3209 Capite
412 3117 553 3187 Stanno.

271 3269 356 3339 Item
371 3267 475 3339 habet
492 3268 540 3339 ibi
561 3269 723 3362 agreria,
743 3279 898 3363 tasquas,
920 3278 1089 3360 tersones,
1107 3278 1289 3365 quartum,

222 3392 378 3485 quintum
398 3391 440 3464 de
454 3393 624 3466 omnibus

275 3544 360 3615 Item
381 3543 560 3638 foriscapia
574 3554 609 3617 et
626 3545 802 3618 laudimia.

273 3696 357 3766 Item
377 3695 508 3767 curiam
522 3698 741 3790 temporalem
754 3701 1003 3790 commertio,
1021 3700 1148 3772 scilicet
1161 3725 1295 3798 compo·

223 3820 403 3892 sitionibus
416 3828 451 3892 et
462 3822 625 3894 emendis

272 3973 357 4044 Item
375 3973 558 4044 notariam.

276 4125 360 4194 Item
374 4146 490 4195 omnes
505 4124 658 4197 homines
673 4126 752 4197 dicti
772 4128 835 4199 loci
855 4136 1013 4203 tenentur
1029 4131 1140 4203 facere
1161 4131 1295 4202 domino

227 4270 289 4319 suo
306 4247 554 4342 archiepiscopo
573 4251 805 4342 Narbonensi,
824 4255 859 4325 in
875 4257 1025 4328 novitate
1049 4279 1112 4328 sua
1139 4265 1173 4328 et
1198 4257 1297 4330 toties

230 4373 360 4464 quoties
372 4374 535 4465 voluerit,
556 4386 805 4451 sacramentum
819 4381 1004 4455 fidelitatis.

1190 4511 1208 4571 3
