3308 5430
843 613 933 663 mvn!
954 613 1036 663 vm

867 838 990 911 XXIV

732 1012 776 1062 DE
801 1011 983 1070 ALIQUIBUS
1009 1012 1115 1064 Locls.

439 1168 609 1261 Sequntur
629 1167 701 1238 loca
721 1189 798 1261 quae
827 1168 956 1239 faciunt
982 1169 1174 1262 pentionem
1200 1192 1291 1241 anno
1311 1170 1462 1264 quolibet

388 1292 523 1362 domino
554 1290 802 1384 archiepiscopo
839 1292 1082 1380 Narbonensi,
1123 1316 1224 1386 quam
1266 1294 1460 1388 pontionem

388 1425 522 1510 portare
540 1415 661 1486 debent
680 1416 751 1486 suis
769 1417 925 1509 expensis
946 1417 982 1487 in
995 1418 1067 1488 loco
1082 1418 1123 1489 de
1137 1417 1255 1512 Capite
1276 1419 1418 1491 Stanno.

437 1568 551 1638 Primo
570 1568 696 1657 abbas,
717 1568 758 1638 de
773 1568 942 1640 frumento
959 1568 1126 1641 sexdecim
1142 1569 1298 1641 sestaria.

435 1722 520 1791 ltcm
536 1720 622 1789 idem
642 1719 765 1809 abbas,
788 1721 829 1791 de
851 1721 951 1791 ordeo
972 1721 1141 1792 sexdecim
1160 1721 1315 1793 sestaria.

435 1875 518 1944 Item
536 1872 623 1944 idem
639 1873 763 1961 abbas,
782 1873 818 1942 iu
834 1873 975 1965 pecunia
991 1875 1114 1966 viginti
1134 1874 1270 1946 solidos,

434 2026 518 2096 ltcm
543 2024 690 2095 vicarius
707 2023 749 2095 de
774 2024 928 2114 Soliano,
954 2024 995 2096 de
1014 2025 1184 2097 frumento
1202 2025 1267 2096 duo
1286 2025 1454 2114 sestaria,

385 2170 513 2220 emma.

432 2302 516 2372 Item
532 2301 620 2372 idem
648 2300 811 2389 vicarius,
833 2300 874 2372 de
894 2300 979 2370 bono
994 2299 1074 2372 vino
1087 2324 1194 2372 unum
1209 2300 1358 2372 modium
1380 2322 1457 2372 cum

383 2426 540 2498 sestario.

431 2578 515 2648 item
531 2594 691 2670 stagnum
706 2578 748 2648 de
755 2578 964 2667 Montudiuo,
980 2578 1021 2651 de
1032 2579 1201 2651 frumento
1215 2579 1280 2651 duo
1293 2577 1450 2651 sestaria.

431 2731 516 2800 ltcm
534 2728 624 2801 idem
642 2736 825 2822 stagnum,
845 2730 886 2799 de
904 2729 1003 2799 ordeo
1021 2753 1097 2803 xxv
1116 2731 1272 2802 sestaria.

428 2883 513 2951 Item
544 2888 674 2952 ceusus'
693 2881 765 2952 sirc
793 2881 905 2974 pentio
937 2881 1016 2952 dicti
1046 2883 1184 2975 stangni
1215 2887 1454 2975 computantur

378 3030 456 3078 cum
475 3008 629 3079 usaticis.

863 3229 969 3301 XXV

503 3405 547 3454 DE
572 3403 738 3454 EGCLESIIS
759 3402 912 3453 BAVILIAE
938 3403 981 3451 DE
1006 3402 1129 3453 CAPITE
1154 3401 1324 3453 STANGNO.

427 3563 598 3654 Sequntur
616 3560 767 3632 ecclesiae
783 3560 922 3630 baviliae
932 3558 974 3630 de
987 3559 1104 3652 Capite
1115 3559 1316 3652 Stangnoin
1330 3558 1453 3651 quibus

374 3687 530 3759 dominus
549 3685 824 3778 archiepiscopus
844 3685 1076 3773 Narbonensis
1101 3684 1220 3778 recipit
1244 3685 1348 3756 etiam
1367 3706 1451 3777 por-

372 3813 497 3883 tionem
523 3818 673 3903 tasquae,
707 3811 877 3902 premitiae
911 3820 945 3881 et
981 3809 1138 3898 decimae,
1173 3817 1273 3904 prout
1308 3808 1452 3881 inferius

370 3936 575 4008 continetur.

420 4087 533 4158 Primo
552 4087 588 4156 in
604 4086 752 4159 ecclesia
770 4087 812 4159 de
830 4087 948 4180 Capite
966 4087 1133 4179 Stangn0‚
1151 4047 1307 4157 dominus
1321 4084 1451 4158 archie-

370 4214 525 4308 piscopus
539 4211 777 4283 Narbonensis
793 4212 911 4304 recipit
926 4218 1032 4283 totam
1046 4211 1209 4283 decimam
1229 4210 1392 4300 omnium,
1414 4215 1450 4282 et

371 4339 462 4409 ultre
483 4337 587 4409 habet
605 4342 763 4430 tasquam
782 4343 818 4408 et
834 4336 927 4432 prior
947 4337 1069 4431 recipit
1086 4335 1292 4430 premitiam.
