3308 5430
527 662 567 708 nu
587 642 820 709 n’nucunvncnn
841 661 882 706 nn
902 658 1073 708 nannonnn
1295 646 1347 706 lul

337 806 512 878 Primoula
533 806 701 876 frumento
720 805 762 877 de
779 828 881 877 consu
903 828 1005 875 unam
1027 805 1246 896 quartanam.

336 959 419 1030 ltem
439 957 481 1030 dc
501 981 612 1030 avena
630 981 736 1028 unum
754 956 935 1028 sestarium
953 962 988 1028 et
1005 956 1165 1027 eminam.

766 1259 879 1330 XCVI

727 1486 771 1534 nn
805 1485 907 1536 nano,

337 1669 496 1763 Sequitur
517 1669 609 1740 locus
634 1668 675 1740 dc
695 1669 791 1740 Fano
821 1669 878 1739 ubi
906 1668 1061 1739 dominus
1085 1667 1356 1760 archiepiscopus
1426 1686 1429 1691 ·

288 1795 519 1894 Narbonensis
537 1793 640 1865 habet
656 1793 870 1864 medictatem
891 1792 1037 1885 mojanae
1060 1799 1094 1863 et
1115 1793 1225 1863 bassas
1243 1791 1355 1884 juris-

288 1919 456 1991 dictionis.

337 2072 420 2141 Item
454 2069 557 2141 habat
598 2071 632 2139 in
669 2070 756 2140 diclo
792 2069 864 2140 loco
901 2069 960 2140 illa
993 2092 1070 2161 quae
1099 2073 1263 2162 sequntur
1296 2091 1355 2160 per

289 2195 452 2267 ordinem.

339 2347 452 2417 Primo
472 2347 687 2418 medictatem
706 2348 741 2419 in
763 2348 848 2419 turri
869 2370 1000 2440 grossa.

338 2501 423 2571 ltcm
438 2522 542 2570 unum
558 2499 753 2591 hospitium.

759 2800 886 2872 XCVII

686 3028 768 3078 ITEM
793 3029 836 3077 ΟΕ
861 3028 963 3079 FANO.

339 3216 508 3305 chuntur
523 3235 643 3282 consus
658 3212 736 3282 dicti
752 3212 813 3281 loci
827 3209 932 3282 debiti
952 3235 1042 3283 anno
1057 3212 1206 3304 quolibet
1221 3210 1355 3281 domino
1426 3218 1429 3223 '

288 3337 548 3430 archiepiscopo,

339 3488 453 3558 Primo
472 3489 506 3556 in
528 3487 670 3581 pecunia
688 3488 729 3558 dc
749 3510 852 3559 consu
870 3489 1011 3581 triginta
1026 3489 1160 3560 solidos

339 3641 422 3709 ltcin
436 3641 472 3709 in
491 3640 630 3731 pccunia
645 3662 705 3732 pro
719 3648 838 3731 quosla
856 3640 995 3711 annuali
1011 3641 1153 3733 triginta
1169 3641 1303 3712 solidos.

338 3796 421 3864 ltcm
440 3793 481 3863 dc
501 3814 644 3862 anaonc
665 3798 725 3863 scic
744 3793 906 3863 sextaria.

339 3948 352 4016 l
370 3968 421 4016 cm
443 3945 484 4015 (le
503 3945 583 4014 vino
600 3944 685 4016 duas
703 3944 877 4036 migicras

356 3954 368 4015 l

339 4100 421 4168 llem
445 4097 547 4168 habat
564 4097 712 4188 gallinas
727 4097 768 4168 (lc
788 4121 889 4168 consu
907 4097 1093 4169 duodecim.

356 4258 368 4320 t

339 4252 422 4320 lem
443 4249 581 4341 agreria
599 4250 634 4318 in
656 4248 754 4319 blado
772 4266 806 4321 cl
825 4250 915 4319 vino.

340 4402 423 4472 llam
444 4401 624 4494 soriscapia
646 4407 680 4471 el
700 4400 875 4472 laudimia.
