3308 5430
524 604 565 652 nn
584 583 819 652 n'nucuevtcnu
839 602 880 650 ne
900 599 1071 652 uuusounn
1312 589 1352 653 59

773 782 869 856 XLII

720 966 765 1017 nn
789 946 924 1018 cutem.

333 1125 493 1220 Sequitur
510 1125 603 1197 locus
620 1123 662 1197 de
682 1123 796 1196 Celeia
813 1123 872 1216 qui
891 1146 960 1195 non
986 1131 1038 1198 est
1063 1124 1190 1196 domini
1214 1124 1353 1198 archie-

285 1252 409 1349 piscopi
429 1249 683 1339 Narbonensis,
707 1247 765 1322 sed
783 1249 923 1343 percipit
940 1248 988 1319 ibi
1005 1272 1096 1322 anno
1111 1250 1260 1342 quolibet
1275 1272 1353 1344 quae

286 1383 449 1469 sequntur
469 1396 529 1469 per
547 1372 712 1445 ordinem.

336 1525 450 1598 Primo
467 1525 571 1598 habet
585 1523 741 1596 dominus
755 1524 1025 1619 archiepiscopus
1038 1525 1074 1596 in
1090 1526 1206 1598 multis
1221 1550 1356 1620 posses·

286 1650 437 1724 sionibus
450 1655 485 1722 et
498 1647 735 1721 terminalibus
748 1647 913 1720 directum
927 1648 1114 1721 dominium
1129 1656 1164 1721 et
1178 1648 1356 1744 foriscapia

286 1784 321 1850 et
340 1775 516 1864 laudimia,
538 1775 811 1868 quotiescumque
825 1775 996 1868 contingit
1012 1774 1119 1847 dictas
1131 1775 1356 1869 possessiones

287 1901 388 1975 vendi
408 1901 463 1972 vel
482 1899 583 1972 aliter
600 1898 847 1992 quomodolibet
867 1899 1024 1972 alienari.

336 2052 420 2123 Item
438 2051 474 2121 in
493 2049 590 2121 dictis
609 2049 844 2121 terminalibus
858 2056 893 2121 et
906 2050 1173 2143 possessionibus
1195 2049 1355 2143 agreria,

288 2182 449 2269 tasquaS,
478 2181 650 2268 tersoneS,
685 2181 861 2266 quartum,
893 2174 1049 2266 quintum
1074 2182 1108 2245 ct
1135 2182 1291 2267 septenas
1316 2172 1358 2245 de

289 2299 445 2372 omnibus
466 2322 544 2394 quae
561 2305 715 2371 crescunt
732 2299 768 2368 in
786 2297 925 2370 eisdem.

771 2538 883 2610 XLIII

680 2711 725 2762 nn
749 2711 964 2763 remurinus.

339 2868 500 2963 Sequitur
535 2868 627 2940 locus
661 2868 703 2940 de
730 2868 922 2940 Perictibus
951 2870 1009 2962 qui
1044 2893 1111 2941 non
1147 2875 1198 2941 est
1232 2867 1360 2939 domini

289 2993 529 3088 archiepiscopi
548 2993 792 3083 Narbonensis
810 2993 870 3066 sed
881 2994 1022 3088 percipit
1038 2995 1085 3066 ibi
1105 3016 1183 3088 quae
1197 2999 1360 3086 sequntur

291 3141 380 3190 anno
398 3118 547 3211 quolibet
567 3141 627 3212 per
646 3117 810 3189 ordinem.

341 3269 456 3341 Primo
471 3269 627 3348 dominus
644 3268 913 3364 archiepiscopus
931 3269 1035 3341 babet
1052 3270 1088 3340 in
1109 3269 1226 3340 multis
1240 3269 1360 3340 termi-

292 3394 426 3466 nalibus
446 3402 481 3466 et
500 3394 766 3488 possessionibus
784 3394 862 3466 dicti
893 3395 956 3466 loci
980 3394 1145 3466 directum
1172 3393 1357 3465 dominium

292 3527 326 3592 et
344 3519 522 3613 ioriscapia
540 3527 574 3592 et
591 3519 753 3592 laudimia
771 3519 1045 3613 quotiescumque
1063 3519 1231 3613 contingit
1253 3518 1360 3590 dictas

292 3644 519 3740 possessiones
533 3645 633 3717 vendi
653 3646 707 3717 vel
724 3645 826 3716 aliter
846 3644 1093 3737 quomodolibet
1114 3644 1270 3717 alienari.

342 3797 426 3869 Item
456 3796 560 3869 habet
592 3797 629 3868 in
657 3797 754 3870 dictis
780 3797 1015 3870 terminalibus
1038 3806 1073 3870 et
1097 3796 1363 3892 possessionibus

292 3924 462 4011 decimae,
482 3923 641 4016 agreria,
663 3922 822 4012 taschas‚
844 3928 1017 4011 tersoneS,
1041 3929 1222 4015 quartum,
1256 3920 1361 4014 quin·

293 4058 364 4123 tum
386 4054 420 4121 et
441 4053 596 4142 septenas
614 4047 656 4119 de
673 4047 833 4119 omnibus
851 4069 928 4139 quae
945 4046 993 4117 ibi
1011 4053 1176 4118 crescunt.

341 4203 427 4274 Item
453 4199 557 4273 habet
588 4201 624 4270 in
656 4199 771 4272 eodem
807 4199 879 4271 loco
911 4198 953 4270 de
985 4221 1087 4271 censu
1120 4199 1203 4270 duos
1238 4196 1362 4268 solidos

295 4326 578 4404 barcelonenses..
