3308 5430
453 592 494 639 on
514 573 749 639 n’iucuuvlcun
769 589 809 635 nn
830 588 1000 638 uluaouun
1240 575 1277 636 55

260 739 345 809 Item
362 735 510 831 gallinas
533 733 575 807 de
597 756 699 806 ceusu
728 731 1115 826 septuagintaquinque
1145 740 1179 805 et
1210 740 1278 805 tres

212 871 326 959 partes
343 860 457 934 unius.

260 1007 345 1076 Item
363 1024 502 1074 anseres
520 1007 649 1095 septem
662 999 851 1072 censuales.

262 1148 346 1218 Item
364 1144 535 1216 cuniculos
554 1142 649 1214 duos

262 1290 346 1360 Item
366 1287 516 1382 peuhces
536 1293 680 1378 quatuor
700 1307 775 1355 cum
796 1282 948 1354 dimidia.

261 1432 345 1501 Item
363 1452 468 1501 unum
487 1451 549 1523 par
566 1427 796 1498 columbarum
815 1425 1016 1497 remicarum
1039 1425 1125 1498 alias
1147 1426 1274 1496 favars.

261 1575 346 1644 Item
364 1571 406 1643 de
423 1594 502 1644 cera
519 1578 588 1641 tres
608 1570 712 1641 libras
735 1593 839 1640 unum
860 1576 1071 1662 quartonem.

262 1717 346 1787 Item
365 1739 469 1786 unum
491 1736 553 1807 par
573 1713 741 1785 calcorum
761 1712 1072 1806 deargentatorum.

262 1859 346 1929 Item
366 1880 470 1929 unum
490 1880 552 1950 par
569 1856 852 1928 chirothecarum.

263 2003 346 2072 Item
366 1999 524 2093 agreria,
546 2008 683 2092 tasquas
695 2053 704 2087 ‚
727 2007 899 2087 tersoneS‚
921 2005 1102 2090 quartum,
1125 1997 1280 2090 quintum

214 2127 250 2196 iu
271 2125 368 2197 dictis
390 2124 470 2196 Iocis
489 2135 523 2194 et
543 2134 711 2217 septenas.

263 2279 347 2349 Item
368 2277 547 2370 ioriscapia
565 2285 599 2347 et
617 2275 791 2346 laudimia.

264 2421 346 2491 Ilem
364 2419 493 2490 curiam
512 2418 730 2511 temporalem
748 2440 824 2488 cum
842 2415 985 2489 annexis
1003 2415 1129 2488 scilicet
1145 2438 1281 2508 compo-

215 2545 393 2617 sitionibus
414 2551 448 2614 et
468 2543 631 2615 emendis,

265 2686 348 2756 Item
369 2684 537 2756 notariam
559 2686 694 2756 bonam.

263 2829 347 2899 Item
362 2850 478 2899 omnes
497 2828 650 2900 homines
668 2828 746 2900 dicti
767 2829 829 2898 loci
847 2835 1004 2900 tenentur
1020 2828 1130 2899 facere
1147 2827 1282 2899 domino

215 2975 275 3024 suo
292 2952 539 3046 archIepiscopo
558 2954 794 3042 Narbonensi,
817 2955 853 3023 in
872 2953 1022 3024 novitate
1041 2976 1104 3025 sua
1123 2959 1158 3025 et
1183 2953 1282 3025 toties

215 3076 345 3168 quoties
365 3077 526 3166 voluerit,
549 3085 797 3149 sacramentum
815 3077 1000 3150 fidelitatis.

655 3335 843 3406 XXXVIII

445 3509 600 3559 liollaom
626 3509 659 3558 IN
686 3508 816 3558 CASTRO
842 3507 885 3556 DE
910 3507 1049 3557 APIANO.

265 3667 435 3758 Sequntur
463 3665 623 3758 homagia
655 3686 733 3756 quae
756 3663 843 3733 fiunt
871 3662 1006 3734 domino
1035 3661 1282 3756 archiepiscopo

217 3789 428 3862 Narbonensi
451 3789 486 3859 iu
513 3797 622 3860 castro
648 3787 690 3859 de
715 3788 848 3881 Apiano
887 3810 947 3881 per
973 3810 1134 3881 personas
1169 3787 1283 3858 insra-

217 3916 371 4008 scriptas.

267 4056 550 4128 P1·imodomi1111s
565 4056 785 4128 Guilhermus
798 4055 840 4127 de
859 4053 1040 4126 Alauhauo
1054 4053 1136 4127 lacit
1148 4053 1282 4126 domino

216 4183 462 4276 archiepiscopo
477 4179 675 4274 homagium
695 4202 755 4273 pro
774 4177 930 4250 omnibus
949 4177 1016 4249 hiis
1036 4201 1114 4271 quae
1133 4185 1224 4250 tenet
1246 4177 1281 4248 iu

216 4316 325 4382 castro
342 4307 383 4379 de
402 4306 549 4401 Apiano.
