3308 5430
301 586 339 649 tl
734 597 828 645 mmm
849 596 929 645 vnm

298 746 356 841 qui
369 745 493 818 debent
505 744 631 816 dictum
647 744 855 815 frumentum
869 741 993 815 debent
1001 742 1132 816 solvere
1143 765 1202 836 pro
1216 743 1366 836 quolibet

298 871 440 943 sestario
457 869 606 963 quinquo
622 868 744 941 solidos
756 874 979 940 turnonenses
994 875 1028 939 et
1049 890 1116 939 non
1136 866 1228 939 ultra
1245 890 1366 942 ascen-

297 994 382 1066 dunt
396 992 545 1089 prediola
565 992 710 1086 triginta
730 991 874 1064 sestaria
889 992 925 1063 in
944 991 1097 1086 pecunia.

347 1145 432 1217 Item
447 1143 551 1216 habet
565 1143 703 1215 ordeum
717 1141 898 1215 afforatum
907 1197 917 1232 ,
939 1142 1062 1236 viginti
1084 1141 1243 1234 sestaria,
1260 1165 1365 1215 unam

298 1270 519 1363 quarteriam.

347 1415 510 1486 Homines
534 1413 613 1484 dicti
639 1413 700 1486 looi
722 1413 845 1484 debent
869 1413 950 1484 dare
969 1436 1029 1506 pro
1047 1411 1196 1505 quolibet
1222 1412 1364 1486 sestario

296 1539 380 1613 duos
398 1539 521 1612 solidos
537 1547 572 1611 et
588 1562 655 1611 non
670 1539 773 1611 ultra.

345 1681 507 1754 Ascendit
525 1682 562 1752 in
577 1682 719 1776 pecunia
739 1680 966 1775 quadraginta
980 1680 1102 1753 solidos
1119 1687 1154 1752 et
1168 1704 1228 1753 sex
1251 1679 1363 1754 dena-

295 1829 376 1879 mos.

344 1951 428 2021 Item
447 1949 551 2021 habet
565 1956 635 2050 tres
651 1949 800 2043 gallinas
813 1949 999 2021 censuales.

344 2094 428 2164 Item
447 2091 488 2163 de
507 2092 579 2164 oloo
594 2115 654 2164 sex
675 2092 843 2186 pegarios.

343 2237 428 2307 nem
448 2236 566 2307 domus
582 2235 716 2306 sanaae
735 2235 901 2328 Eugeniae
916 2235 1182 2329 mulenegia
1204 2210 1303 2308 desei
1320 2235 1362 2308 oe

294 2360 451 2454 pontione
476 2383 580 2432 unam
594 2360 801 2453 quartoriam
821 2361 862 2430 de
883 2362 1064 2432 frumento.

342 2514 426 2584 Item
444 2511 560 2584 eadem
579 2511 697 2585 domus
717 2513 759 2585 de
772 2512 872 2585 omleo
893 2536 996 2584 unam
1015 2515 1235 2606 quartanam.

342 2665 427 2735 Item
441 2664 559 2736 domus
573 2665 614 2736 de
632 2664 864 2760 Frayssinello
880 2689 983 2737 unam
998 2666 1204 2759 quarteriam
1220 2666 1261 2738 de
1280 2668 1360 2738 fru-

292 2798 418 2861 mento,

340 2941 425 3012 Item
441 2940 558 3013 eadem
575 2940 694 3012 domus
711 2941 753 3013 de
772 2942 872 3014 ordeo
891 2965 994 3013 unam
1013 2944 1233 3034 quartanam.

340 3068 425 3138 Item
445 3066 549 3138 habet
568 3067 616 3137 ibi
631 3068 785 3160 agreria,
808 3084 964 3161 tamum,
986 3081 1156 3158 temones,
1178 3078 1356 3162 quartum,

292 3191 460 3284 quintum.

340 3345 423 3416 Item
443 3345 622 3438 forisoapia
637 3354 671 3417 et
690 3345 866 3416 laudimia.

339 3497 424 3569 Item
449 3496 578 3567 curiam
596 3497 815 3591 temporalem
832 3521 908 3569 oum
927 3498 1091 3589 annexis,
1115 3500 1242 3573 scilieet
1261 3523 1358 3572 oom-

290 3619 514 3713 positionibus
529 3629 563 3693 et
576 3621 739 3693 emendis.

338 3773 423 3843 Item
440 3773 608 3844 notariam
622 3796 700 3867 quae
718 3774 895 3868 respondet
909 3775 1052 3848 notariae
1065 3776 1106 3848 de
1121 3776 1257 3849 Seiano.

339 3924 424 3994 Item
439 3946 555 3995 omnes
575 3924 729 3997 homines
743 3925 822 3997 dioti
839 3927 902 3996 looi
921 3935 1078 3999 tenentur
1094 3927 1205 4000 facere
1223 3929 1357 4002 domino

289 4069 350 4121 suo
365 4048 613 4143 archiepisoopo
621 4105 630 4139 ‚
650 4051 685 4120 in
700 4052 850 4122 novitate
865 4073 927 4122 sua
939 4053 1079 4125 ettoties
1094 4054 1226 4145 quoties
1237 4054 1355 4127 volue-

290 4175 349 4264 rit,
376 4183 624 4246 saoramentum
645 4175 830 4248 fidelitatis.

340 4328 425 4400 Item
445 4326 549 4400 habet
565 4327 600 4398 in
618 4327 706 4400 dioto
726 4327 797 4400 looo
811 4327 974 4400 animalia
984 4335 1104 4402 vocata
1121 4329 1167 4402 de
1188 4331 1354 4427 l'espooe.
