<?xml version="1.0" encoding="UTF-8"?>
<!DOCTYPE html PUBLIC "-//W3C//DTD XHTML 1.0 Transitional//EN"
    "http://www.w3.org/TR/xhtml1/DTD/xhtml1-transitional.dtd">
<html xmlns="http://www.w3.org/1999/xhtml" xml:lang="en" lang="en">
 <head>
  <title>
</title>
<meta http-equiv="Content-Type" content="text/html;charset=utf-8" />
  <meta name='ocr-system' content='tesseract 3.04.00' />
  <meta name='ocr-capabilities' content='ocr_page ocr_carea ocr_par ocr_line ocrx_word'/>
</head>
<body>
  <div class='ocr_page' id='page_1' title='image "./livrevertdelarc00fragoog_0140.png"; bbox 0 0 3308 5430; ppageno 0'>
   <div class='ocr_carea' id='block_1_1' title="bbox 530 606 1356 674">
    <p class='ocr_par' dir='ltr' id='par_1_1' title="bbox 530 606 1356 674">
     <span class='ocr_line' id='line_1_1' title="bbox 530 606 1356 674; baseline 0.002 -3"><span class='ocrx_word' id='word_1_1' title='bbox 530 625 571 672; x_wconf 83' lang='lat' dir='ltr'>nn</span> <span class='ocrx_word' id='word_1_2' title='bbox 591 606 826 672; x_wconf 78' lang='lat' dir='ltr'>n&#39;uncnnvtont</span> <span class='ocrx_word' id='word_1_3' title='bbox 846 623 887 671; x_wconf 83' lang='lat' dir='ltr'>on</span> <span class='ocrx_word' id='word_1_4' title='bbox 907 622 1075 674; x_wconf 81' lang='lat' dir='ltr'>uunnouuu</span> <span class='ocrx_word' id='word_1_5' title='bbox 1317 610 1356 673; x_wconf 80' lang='lat'>73</span> 
     </span>
    </p>
   </div>
   <div class='ocr_carea' id='block_1_2' title="bbox 338 769 1088 865">
    <p class='ocr_par' dir='ltr' id='par_1_2' title="bbox 338 769 1088 865">
     <span class='ocr_line' id='line_1_2' title="bbox 338 769 1088 865; baseline -0.003 -20"><span class='ocrx_word' id='word_1_6' title='bbox 338 774 422 845; x_wconf 90' lang='lat' dir='ltr'>Item</span> <span class='ocrx_word' id='word_1_7' title='bbox 436 773 473 843; x_wconf 88' lang='lat' dir='ltr'>iu</span> <span class='ocrx_word' id='word_1_8' title='bbox 490 770 579 844; x_wconf 86' lang='lat' dir='ltr'>dioto</span> <span class='ocrx_word' id='word_1_9' title='bbox 592 771 664 843; x_wconf 90' lang='lat' dir='ltr'>looo</span> <span class='ocrx_word' id='word_1_10' title='bbox 677 769 803 843; x_wconf 87' lang='lat' dir='ltr'>cridam</span> <span class='ocrx_word' id='word_1_11' title='bbox 825 777 860 845; x_wconf 88' lang='lat' dir='ltr'>et</span> <span class='ocrx_word' id='word_1_12' title='bbox 874 770 1088 865; x_wconf 82' lang='lat' dir='ltr'><strong>inquantum.</strong></span> 
     </span>
    </p>
   </div>
   <div class='ocr_carea' id='block_1_3' title="bbox 340 923 701 1018">
    <p class='ocr_par' dir='ltr' id='par_1_3' title="bbox 340 923 701 1018">
     <span class='ocr_line' id='line_1_3' title="bbox 340 923 701 1018; baseline -0.011 -19"><span class='ocrx_word' id='word_1_13' title='bbox 340 927 424 999; x_wconf 89' lang='lat' dir='ltr'>Item</span> <span class='ocrx_word' id='word_1_14' title='bbox 443 923 701 1018; x_wconf 82' lang='lat' dir='ltr'>banderagium.</span> 
     </span>
    </p>
   </div>
   <div class='ocr_carea' id='block_1_4' title="bbox 291 1075 1361 1416">
    <p class='ocr_par' dir='ltr' id='par_1_4' title="bbox 291 1075 1361 1416">
     <span class='ocr_line' id='line_1_4' title="bbox 340 1075 1358 1150; baseline 0.002 -2"><span class='ocrx_word' id='word_1_15' title='bbox 340 1079 424 1149; x_wconf 89' lang='lat' dir='ltr'>Item</span> <span class='ocrx_word' id='word_1_16' title='bbox 442 1099 559 1148; x_wconf 88' lang='lat' dir='ltr'>omnes</span> <span class='ocrx_word' id='word_1_17' title='bbox 578 1075 732 1149; x_wconf 91' lang='lat' dir='ltr'>homines</span> <span class='ocrx_word' id='word_1_18' title='bbox 746 1075 826 1147; x_wconf 87' lang='lat' dir='ltr'>dicti</span> <span class='ocrx_word' id='word_1_19' title='bbox 844 1076 907 1147; x_wconf 86' lang='lat' dir='ltr'>lori</span> <span class='ocrx_word' id='word_1_20' title='bbox 922 1082 1081 1148; x_wconf 90' lang='lat' dir='ltr'>tenentur</span> <span class='ocrx_word' id='word_1_21' title='bbox 1100 1077 1209 1149; x_wconf 85' lang='lat' dir='ltr'>saoere</span> <span class='ocrx_word' id='word_1_22' title='bbox 1223 1076 1358 1150; x_wconf 89' lang='lat' dir='ltr'>domino</span> 
     </span>
     <span class='ocr_line' id='line_1_5' title="bbox 291 1201 1361 1296; baseline 0 -22"><span class='ocrx_word' id='word_1_23' title='bbox 291 1226 353 1275; x_wconf 89' lang='lat' dir='ltr'>suo</span> <span class='ocrx_word' id='word_1_24' title='bbox 383 1201 649 1296; x_wconf 84' lang='lat' dir='ltr'>archiepiscopo,</span> <span class='ocrx_word' id='word_1_25' title='bbox 680 1201 717 1273; x_wconf 91' lang='lat' dir='ltr'>in</span> <span class='ocrx_word' id='word_1_26' title='bbox 748 1201 898 1272; x_wconf 80' lang='lat' dir='ltr'>novitate</span> <span class='ocrx_word' id='word_1_27' title='bbox 937 1224 999 1273; x_wconf 87' lang='lat' dir='ltr'>sua</span> <span class='ocrx_word' id='word_1_28' title='bbox 1032 1210 1066 1273; x_wconf 91' lang='lat' dir='ltr'>et</span> <span class='ocrx_word' id='word_1_29' title='bbox 1102 1201 1201 1274; x_wconf 90' lang='lat' dir='ltr'>toties</span> <span class='ocrx_word' id='word_1_30' title='bbox 1228 1203 1361 1295; x_wconf 87' lang='lat' dir='ltr'>quoties</span> 
     </span>
     <span class='ocr_line' id='line_1_6' title="bbox 291 1325 919 1416; baseline -0.002 -18"><span class='ocrx_word' id='word_1_31' title='bbox 291 1327 453 1416; x_wconf 90' lang='lat' dir='ltr'>voluerit,</span> <span class='ocrx_word' id='word_1_32' title='bbox 472 1332 721 1398; x_wconf 86' lang='lat' dir='ltr'>sacramentum</span> <span class='ocrx_word' id='word_1_33' title='bbox 734 1325 919 1398; x_wconf 81' lang='lat' dir='ltr'>fidelitatis.</span> 
     </span>
    </p>
   </div>
   <div class='ocr_carea' id='block_1_5' title="bbox 291 1477 1357 1698">
    <p class='ocr_par' dir='ltr' id='par_1_5' title="bbox 291 1477 1357 1698">
     <span class='ocr_line' id='line_1_7' title="bbox 341 1477 1357 1571; baseline -0.002 -20"><span class='ocrx_word' id='word_1_34' title='bbox 341 1480 425 1551; x_wconf 83' lang='lat' dir='ltr'>Item</span> <span class='ocrx_word' id='word_1_35' title='bbox 446 1478 550 1551; x_wconf 89' lang='lat' dir='ltr'>habet</span> <span class='ocrx_word' id='word_1_36' title='bbox 563 1478 600 1549; x_wconf 82' lang='lat' dir='ltr'>ln</span> <span class='ocrx_word' id='word_1_37' title='bbox 613 1477 701 1549; x_wconf 90' lang='lat' dir='ltr'>dicto</span> <span class='ocrx_word' id='word_1_38' title='bbox 721 1478 792 1549; x_wconf 91' lang='lat' dir='ltr'>looo</span> <span class='ocrx_word' id='word_1_39' title='bbox 806 1477 962 1571; x_wconf 86' lang='lat' dir='ltr'>agreria,</span> <span class='ocrx_word' id='word_1_40' title='bbox 985 1477 1143 1566; x_wconf 79' lang='lat' dir='ltr'>taschas,</span> <span class='ocrx_word' id='word_1_41' title='bbox 1175 1485 1357 1570; x_wconf 89' lang='lat' dir='ltr'>quartum,</span> 
     </span>
     <span class='ocr_line' id='line_1_8' title="bbox 291 1604 461 1698; baseline -0.006 -23"><span class='ocrx_word' id='word_1_42' title='bbox 291 1604 461 1698; x_wconf 91' lang='lat' dir='ltr'>quintum.</span> 
     </span>
    </p>
   </div>
   <div class='ocr_carea' id='block_1_6' title="bbox 308 1744 865 1848">
    <p class='ocr_par' dir='ltr' id='par_1_6' title="bbox 308 1744 865 1848">
     <span class='ocr_line' id='line_1_9' title="bbox 308 1744 865 1848; baseline -0.002 -23"><span class='ocrx_word' id='word_1_43' title='bbox 308 1744 311 1749; x_wconf 67' lang='grc'><strong>’</strong></span> <span class='ocrx_word' id='word_1_44' title='bbox 342 1756 426 1827; x_wconf 90' lang='lat' dir='ltr'>Item</span> <span class='ocrx_word' id='word_1_45' title='bbox 446 1754 624 1848; x_wconf 85' lang='lat' dir='ltr'>foriscapia</span> <span class='ocrx_word' id='word_1_46' title='bbox 639 1760 673 1826; x_wconf 90' lang='lat' dir='ltr'>et</span> <span class='ocrx_word' id='word_1_47' title='bbox 691 1753 865 1826; x_wconf 87' lang='lat' dir='ltr'>laudimia.</span> 
     </span>
    </p>
   </div>
   <div class='ocr_carea' id='block_1_7' title="bbox 293 1906 1363 2104">
    <p class='ocr_par' dir='ltr' id='par_1_7' title="bbox 293 1906 1363 2104">
     <span class='ocr_line' id='line_1_10' title="bbox 341 1906 1363 2004; baseline 0.003 -26"><span class='ocrx_word' id='word_1_48' title='bbox 341 1908 426 1979; x_wconf 85' lang='lat' dir='ltr'>Item</span> <span class='ocrx_word' id='word_1_49' title='bbox 440 1906 569 1978; x_wconf 86' lang='lat' dir='ltr'>curiam</span> <span class='ocrx_word' id='word_1_50' title='bbox 584 1906 804 1999; x_wconf 78' lang='lat' dir='ltr'>temporalem</span> <span class='ocrx_word' id='word_1_51' title='bbox 816 1929 892 1978; x_wconf 91' lang='lat' dir='ltr'>cum</span> <span class='ocrx_word' id='word_1_52' title='bbox 907 1906 1068 1997; x_wconf 82' lang='lat' dir='ltr'>annexis,</span> <span class='ocrx_word' id='word_1_53' title='bbox 1086 1907 1214 1981; x_wconf 84' lang='lat' dir='ltr'>scilicet</span> <span class='ocrx_word' id='word_1_54' title='bbox 1227 1931 1363 2004; x_wconf 91' lang='lat' dir='ltr'>oompo-</span> 
     </span>
     <span class='ocr_line' id='line_1_11' title="bbox 293 2029 703 2104; baseline -0.007 0"><span class='ocrx_word' id='word_1_55' title='bbox 293 2030 472 2104; x_wconf 90' lang='lat' dir='ltr'>sitionibus</span> <span class='ocrx_word' id='word_1_56' title='bbox 492 2037 527 2102; x_wconf 90' lang='lat' dir='ltr'>et</span> <span class='ocrx_word' id='word_1_57' title='bbox 541 2029 703 2103; x_wconf 86' lang='lat' dir='ltr'>emendis.</span> 
     </span>
    </p>
   </div>
   <div class='ocr_carea' id='block_1_8' title="bbox 343 2182 1358 2276">
    <p class='ocr_par' dir='ltr' id='par_1_8' title="bbox 343 2182 1358 2276">
     <span class='ocr_line' id='line_1_12' title="bbox 343 2182 1358 2276; baseline -0.001 -22"><span class='ocrx_word' id='word_1_58' title='bbox 343 2183 428 2254; x_wconf 87' lang='lat' dir='ltr'>Item</span> <span class='ocrx_word' id='word_1_59' title='bbox 443 2182 611 2253; x_wconf 87' lang='lat' dir='ltr'>notariam</span> <span class='ocrx_word' id='word_1_60' title='bbox 632 2205 710 2275; x_wconf 91' lang='lat' dir='ltr'>quae</span> <span class='ocrx_word' id='word_1_61' title='bbox 727 2182 905 2276; x_wconf 82' lang='lat' dir='ltr'>respondet</span> <span class='ocrx_word' id='word_1_62' title='bbox 925 2182 1068 2253; x_wconf 84' lang='lat' dir='ltr'>notariae</span> <span class='ocrx_word' id='word_1_63' title='bbox 1090 2182 1193 2254; x_wconf 84' lang='lat' dir='ltr'>Villae</span> <span class='ocrx_word' id='word_1_64' title='bbox 1213 2184 1358 2256; x_wconf 65' lang='lat' dir='ltr'>Rubos.</span> 
     </span>
    </p>
   </div>
   <div class='ocr_carea' id='block_1_9' title="bbox 296 2333 1361 2558">
    <p class='ocr_par' dir='ltr' id='par_1_9' title="bbox 296 2333 1361 2558">
     <span class='ocr_line' id='line_1_13' title="bbox 342 2333 1361 2429; baseline 0 -23"><span class='ocrx_word' id='word_1_65' title='bbox 342 2336 427 2408; x_wconf 83' lang='lat' dir='ltr'>Item</span> <span class='ocrx_word' id='word_1_66' title='bbox 445 2335 549 2406; x_wconf 89' lang='lat' dir='ltr'>habet</span> <span class='ocrx_word' id='word_1_67' title='bbox 573 2335 610 2406; x_wconf 90' lang='lat' dir='ltr'>in</span> <span class='ocrx_word' id='word_1_68' title='bbox 632 2334 719 2406; x_wconf 86' lang='lat' dir='ltr'>dicto</span> <span class='ocrx_word' id='word_1_69' title='bbox 736 2335 808 2406; x_wconf 83' lang='lat' dir='ltr'>loro</span> <span class='ocrx_word' id='word_1_70' title='bbox 833 2342 868 2406; x_wconf 90' lang='lat' dir='ltr'>et</span> <span class='ocrx_word' id='word_1_71' title='bbox 897 2333 1134 2406; x_wconf 83' lang='lat' dir='ltr'>terminalibus</span> <span class='ocrx_word' id='word_1_72' title='bbox 1161 2335 1361 2429; x_wconf 78' lang='lat' dir='ltr'>[animabo]</span> 
     </span>
     <span class='ocr_line' id='line_1_14' title="bbox 296 2460 800 2558; baseline 0.002 -27"><span class='ocrx_word' id='word_1_73' title='bbox 296 2467 414 2532; x_wconf 87' lang='lat' dir='ltr'>vocata</span> <span class='ocrx_word' id='word_1_74' title='bbox 428 2460 473 2532; x_wconf 82' lang='lat' dir='ltr'>de</span> <span class='ocrx_word' id='word_1_75' title='bbox 496 2461 663 2558; x_wconf 82' lang='lat' dir='ltr'>l&#39;espaoe.</span> <span class='ocrx_word' id='word_1_76' title='bbox 797 2540 800 2545; x_wconf 80' lang='lat'>.</span> 
     </span>
    </p>
   </div>
   <div class='ocr_carea' id='block_1_10' title="bbox 773 2716 883 2787">
    <p class='ocr_par' dir='ltr' id='par_1_10' title="bbox 773 2716 883 2787">
     <span class='ocr_line' id='line_1_15' title="bbox 773 2716 883 2787; baseline 0.009 -1"><span class='ocrx_word' id='word_1_77' title='bbox 773 2716 883 2787; x_wconf 91' lang='lat' dir='ltr'>LVIII</span> 
     </span>
    </p>
   </div>
   <div class='ocr_carea' id='block_1_11' title="bbox 718 2942 947 2994">
    <p class='ocr_par' dir='ltr' id='par_1_11' title="bbox 718 2942 947 2994">
     <span class='ocr_line' id='line_1_16' title="bbox 718 2942 947 2994; baseline -0.004 -2"><span class='ocrx_word' id='word_1_78' title='bbox 718 2942 761 2992; x_wconf 86' lang='lat' dir='ltr'>DE</span> <span class='ocrx_word' id='word_1_79' title='bbox 786 2942 947 2994; x_wconf 81' lang='lat' dir='ltr'>CUBERIA.</span> 
     </span>
    </p>
   </div>
   <div class='ocr_carea' id='block_1_12' title="bbox 299 3143 1368 3487">
    <p class='ocr_par' dir='ltr' id='par_1_12' title="bbox 299 3143 1368 3487">
     <span class='ocr_line' id='line_1_17' title="bbox 347 3143 1366 3240; baseline -0.002 -23"><span class='ocrx_word' id='word_1_80' title='bbox 347 3145 507 3240; x_wconf 75' lang='lat' dir='ltr'>Sequitur</span> <span class='ocrx_word' id='word_1_81' title='bbox 523 3143 614 3216; x_wconf 84' lang='lat' dir='ltr'>lorus</span> <span class='ocrx_word' id='word_1_82' title='bbox 634 3144 675 3215; x_wconf 88' lang='lat' dir='ltr'>do</span> <span class='ocrx_word' id='word_1_83' title='bbox 687 3143 833 3215; x_wconf 78' lang='lat' dir='ltr'>Guberia</span> <span class='ocrx_word' id='word_1_84' title='bbox 851 3143 909 3236; x_wconf 91' lang='lat' dir='ltr'>qui</span> <span class='ocrx_word' id='word_1_85' title='bbox 924 3152 976 3215; x_wconf 90' lang='lat' dir='ltr'>est</span> <span class='ocrx_word' id='word_1_86' title='bbox 993 3150 1083 3215; x_wconf 86' lang='lat' dir='ltr'>totus</span> <span class='ocrx_word' id='word_1_87' title='bbox 1097 3144 1224 3214; x_wconf 91' lang='lat' dir='ltr'>domini</span> <span class='ocrx_word' id='word_1_88' title='bbox 1247 3145 1366 3215; x_wconf 87' lang='lat' dir='ltr'>arohi-</span> 
     </span>
     <span class='ocr_line' id='line_1_18' title="bbox 299 3268 1368 3365; baseline -0.001 -23"><span class='ocrx_word' id='word_1_89' title='bbox 299 3271 443 3365; x_wconf 89' lang='lat' dir='ltr'>episoopi</span> <span class='ocrx_word' id='word_1_90' title='bbox 458 3269 689 3341; x_wconf 88' lang='lat' dir='ltr'>Narbonensis</span> <span class='ocrx_word' id='word_1_91' title='bbox 704 3292 780 3340; x_wconf 93' lang='lat' dir='ltr'>cum</span> <span class='ocrx_word' id='word_1_92' title='bbox 799 3268 990 3340; x_wconf 90' lang='lat' dir='ltr'>omnimoda</span> <span class='ocrx_word' id='word_1_93' title='bbox 1004 3268 1237 3363; x_wconf 86' lang='lat' dir='ltr'>jurisdictione</span> <span class='ocrx_word' id='word_1_94' title='bbox 1248 3269 1319 3340; x_wconf 85' lang='lat' dir='ltr'>alta</span> <span class='ocrx_word' id='word_1_95' title='bbox 1333 3279 1368 3341; x_wconf 89' lang='lat' dir='ltr'>et</span> 
     </span>
     <span class='ocr_line' id='line_1_19' title="bbox 301 3394 1363 3487; baseline -0.004 -19"><span class='ocrx_word' id='word_1_96' title='bbox 301 3397 400 3468; x_wconf 85' lang='lat' dir='ltr'>bassa</span> <span class='ocrx_word' id='word_1_97' title='bbox 420 3418 513 3466; x_wconf 90' lang='lat' dir='ltr'>mero</span> <span class='ocrx_word' id='word_1_98' title='bbox 533 3417 574 3465; x_wconf 84' lang='lat' dir='ltr'>ao</span> <span class='ocrx_word' id='word_1_99' title='bbox 591 3394 697 3465; x_wconf 87' lang='lat' dir='ltr'>mixto</span> <span class='ocrx_word' id='word_1_100' title='bbox 716 3394 858 3487; x_wconf 90' lang='lat' dir='ltr'>imperio</span> <span class='ocrx_word' id='word_1_101' title='bbox 878 3417 918 3464; x_wconf 88' lang='lat' dir='ltr'>ac</span> <span class='ocrx_word' id='word_1_102' title='bbox 932 3394 1051 3487; x_wconf 91' lang='lat' dir='ltr'>primis</span> <span class='ocrx_word' id='word_1_103' title='bbox 1068 3394 1363 3487; x_wconf 89' lang='lat' dir='ltr'>appellationibus.</span> 
     </span>
    </p>
   </div>
   <div class='ocr_carea' id='block_1_13' title="bbox 301 3543 1368 3763">
    <p class='ocr_par' dir='ltr' id='par_1_13' title="bbox 301 3543 1368 3763">
     <span class='ocr_line' id='line_1_20' title="bbox 350 3543 1368 3639; baseline 0 -22"><span class='ocrx_word' id='word_1_104' title='bbox 350 3548 434 3619; x_wconf 85' lang='lat' dir='ltr'>Item</span> <span class='ocrx_word' id='word_1_105' title='bbox 456 3545 560 3617; x_wconf 85' lang='lat' dir='ltr'>habet</span> <span class='ocrx_word' id='word_1_106' title='bbox 580 3544 616 3615; x_wconf 92' lang='lat' dir='ltr'>in</span> <span class='ocrx_word' id='word_1_107' title='bbox 636 3545 723 3616; x_wconf 86' lang='lat' dir='ltr'>dioto</span> <span class='ocrx_word' id='word_1_108' title='bbox 739 3544 812 3616; x_wconf 85' lang='lat' dir='ltr'>loco</span> <span class='ocrx_word' id='word_1_109' title='bbox 828 3543 984 3616; x_wconf 90' lang='lat' dir='ltr'>dominus</span> <span class='ocrx_word' id='word_1_110' title='bbox 1004 3544 1274 3639; x_wconf 79' lang='lat' dir='ltr'>archiepiscopus</span> <span class='ocrx_word' id='word_1_111' title='bbox 1291 3568 1368 3639; x_wconf 89' lang='lat' dir='ltr'>quae</span> 
     </span>
     <span class='ocr_line' id='line_1_21' title="bbox 301 3668 729 3763; baseline -0.009 -21"><span class='ocrx_word' id='word_1_112' title='bbox 301 3676 464 3763; x_wconf 89' lang='lat' dir='ltr'>sequntur</span> <span class='ocrx_word' id='word_1_113' title='bbox 485 3692 545 3762; x_wconf 93' lang='lat' dir='ltr'>por</span> <span class='ocrx_word' id='word_1_114' title='bbox 565 3668 729 3740; x_wconf 86' lang='lat' dir='ltr'>ordinem.</span> 
     </span>
    </p>
   </div>
   <div class='ocr_carea' id='block_1_14' title="bbox 352 3819 997 3915">
    <p class='ocr_par' dir='ltr' id='par_1_14' title="bbox 352 3819 997 3915">
     <span class='ocr_line' id='line_1_22' title="bbox 352 3819 997 3915; baseline -0.005 -23"><span class='ocrx_word' id='word_1_115' title='bbox 352 3822 466 3892; x_wconf 89' lang='lat' dir='ltr'>Primo</span> <span class='ocrx_word' id='word_1_116' title='bbox 487 3844 592 3892; x_wconf 90' lang='lat' dir='ltr'>unum</span> <span class='ocrx_word' id='word_1_117' title='bbox 613 3820 797 3915; x_wconf 90' lang='lat' dir='ltr'>hospitium</span> <span class='ocrx_word' id='word_1_118' title='bbox 812 3819 997 3915; x_wconf 90' lang='lat' dir='ltr'>proprium.</span> 
     </span>
    </p>
   </div>
   <div class='ocr_carea' id='block_1_15' title="bbox 304 3970 1370 4192">
    <p class='ocr_par' dir='ltr' id='par_1_15' title="bbox 304 3970 1370 4192">
     <span class='ocr_line' id='line_1_23' title="bbox 351 3970 1370 4065; baseline -0.002 -20"><span class='ocrx_word' id='word_1_119' title='bbox 351 3974 436 4045; x_wconf 93' lang='lat' dir='ltr'>Item</span> <span class='ocrx_word' id='word_1_120' title='bbox 470 3972 564 4043; x_wconf 88' lang='lat' dir='ltr'>aliud</span> <span class='ocrx_word' id='word_1_121' title='bbox 584 3971 767 4065; x_wconf 91' lang='lat' dir='ltr'>hospitium</span> <span class='ocrx_word' id='word_1_122' title='bbox 800 3994 860 4065; x_wconf 92' lang='lat' dir='ltr'>pro</span> <span class='ocrx_word' id='word_1_123' title='bbox 887 3971 994 4064; x_wconf 81' lang='lat' dir='ltr'>paleis</span> <span class='ocrx_word' id='word_1_124' title='bbox 1023 3970 1176 4044; x_wconf 79' lang='lat' dir='ltr'>tenendis</span> <span class='ocrx_word' id='word_1_125' title='bbox 1214 3980 1370 4043; x_wconf 87' lang='lat' dir='ltr'>vocatum</span> 
     </span>
     <span class='ocr_line' id='line_1_24' title="bbox 304 4098 495 4192; baseline 0.01 -26"><span class='ocrx_word' id='word_1_126' title='bbox 304 4098 495 4192; x_wconf 86' lang='lat' dir='ltr'>palherum.</span> 
     </span>
    </p>
   </div>
   <div class='ocr_carea' id='block_1_16' title="bbox 305 4246 1372 4447">
    <p class='ocr_par' dir='ltr' id='par_1_16' title="bbox 305 4246 1372 4447">
     <span class='ocr_line' id='line_1_25' title="bbox 353 4246 1372 4340; baseline -0.001 -22"><span class='ocrx_word' id='word_1_127' title='bbox 353 4249 438 4319; x_wconf 91' lang='lat' dir='ltr'>Item</span> <span class='ocrx_word' id='word_1_128' title='bbox 452 4246 556 4318; x_wconf 87' lang='lat' dir='ltr'>habet</span> <span class='ocrx_word' id='word_1_129' title='bbox 582 4246 620 4317; x_wconf 88' lang='lat' dir='ltr'>in</span> <span class='ocrx_word' id='word_1_130' title='bbox 639 4246 726 4318; x_wconf 86' lang='lat' dir='ltr'>dioto</span> <span class='ocrx_word' id='word_1_131' title='bbox 748 4247 819 4318; x_wconf 85' lang='lat' dir='ltr'>loeo</span> <span class='ocrx_word' id='word_1_132' title='bbox 836 4246 1065 4326; x_wconf 85' lang='lat' dir='ltr'>molendinum</span> <span class='ocrx_word' id='word_1_133' title='bbox 1098 4247 1156 4340; x_wconf 89' lang='lat' dir='ltr'>qui</span> <span class='ocrx_word' id='word_1_134' title='bbox 1181 4246 1282 4319; x_wconf 89' lang='lat' dir='ltr'>solvit</span> <span class='ocrx_word' id='word_1_135' title='bbox 1308 4247 1372 4318; x_wconf 93' lang='lat' dir='ltr'>sibi</span> 
     </span>
     <span class='ocr_line' id='line_1_26' title="bbox 305 4372 710 4447; baseline -0.007 0"><span class='ocrx_word' id='word_1_136' title='bbox 305 4381 379 4447; x_wconf 86' lang='lat' dir='ltr'>octo</span> <span class='ocrx_word' id='word_1_137' title='bbox 398 4373 504 4446; x_wconf 86' lang='lat' dir='ltr'>libras</span> <span class='ocrx_word' id='word_1_138' title='bbox 522 4372 710 4446; x_wconf 82' lang='lat' dir='ltr'>censuales.</span> 
     </span>
    </p>
   </div>
   <div class='ocr_carea' id='block_1_17' title="bbox 0 0 1658 5430">
    <p class='ocr_par' dir='ltr' id='par_1_17' title="bbox 0 0 1658 5430">
     <span class='ocr_line' id='line_1_27' title="bbox 0 0 1658 5430; baseline 0 0"><span class='ocrx_word' id='word_1_139' title='bbox 0 0 1658 5430; x_wconf 95' lang='lat' dir='ltr'> </span> 
     </span>
    </p>
   </div>
  </div>
 </body>
</html>
