3308 5430
293 583 331 643 30
726 594 820 641 mvnn
842 593 922 640 usur

340 744 425 814 Item
448 740 551 812 habet
566 741 612 812 ibi
631 747 766 812 centum
787 738 1034 833 quinquaginta
1054 739 1221 831 quintalia
1245 740 1361 835 ligno-

292 890 367 937 rurn
386 873 419 937 et
434 865 510 958 plus
524 865 565 936 de
580 888 694 936 censu.

341 1000 425 1071 Item
442 999 483 1070 de
494 999 567 1070 oleo
576 998 642 1069 duo
657 997 800 1092 sestaria
810 1052 819 1086 ,
844 1019 949 1067 unum
960 996 1138 1090 pogarium
1149 997 1356 1072 etmedium.

343 1135 427 1205 Item
446 1133 488 1204 do
507 1155 585 1204 cera
604 1154 708 1203 unam
726 1131 862 1201 libram.

341 1268 425 1338 Item
442 1265 485 1337 do
504 1265 620 1358 pipere
638 1264 723 1336 duas
746 1264 865 1335 libras.

341 1401 425 1471 Item
440 1399 543 1471 habat
558 1400 762 1470 ferraturam
782 1397 884 1469 unius
900 1396 977 1490 eqni
993 1396 1035 1468 de
1049 1419 1165 1470 censu.

340 1535 424 1605 Item
449 1533 553 1605 habet
577 1532 702 1603 tamin
730 1532 800 1603 loco
817 1530 858 1603 do
885 1530 1002 1627 Capite
1029 1532 1182 1626 Stangno
1201 1554 1304 1625 quam
1322 1555 1360 1602 in

293 1659 362 1730 loco
381 1658 423 1729 do
448 1658 612 1745 Poleriis,
638 1657 760 1750 viginti
787 1664 930 1750 quatuor
954 1656 1114 1750 albergas
1142 1662 1176 1729 et
1215 1656 1361 1729 mediam

291 1783 467 1875 albergam
478 1792 512 1853 et
523 1782 657 1853 tertiam
664 1792 793 1873 partem
807 1781 1126 1852 uniusrliversarum
1133 1781 1360 1852 conditionum

292 1916 326 1979 et
350 1909 537 1996 rationum,
569 1930 649 1976 nam
676 1906 800 1998 aliqum
828 1905 979 1999 albergas
1002 1916 1082 1977 sunt
1101 1907 1203 1977 unius
1223 1905 1355 1996 militm,

292 2033 418 2124 aliquae
432 2031 574 2102 duorum
592 2031 752 2119 militum,
775 2041 809 2101 et
827 2031 906 2102 aliae
921 2032 1037 2120 trium,
1058 2039 1092 2104 et
1105 2031 1184 2102 aliae
1197 2039 1355 2124 quatuor,

292 2166 325 2229 ot
349 2157 427 2228 aliae
445 2156 610 2250 quinque,
629 2163 663 2226 et
677 2156 757 2226 aliae
772 2163 912 2248 septem,
932 2163 965 2226 et
981 2156 1059 2228 aliae
1085 2164 1157 2226 octo
1185 2156 1350 2240 militum,

293 2291 326 2354 ot
345 2282 418 2353 ideo
437 2280 618 2353 secundum
639 2281 823 2374 majusve]
847 2282 960 2351 minus
978 2280 1109 2352 solvere
1137 2281 1236 2353 dehet
1255 2291 1289 2352 ot
1317 2280 1358 2351 de

294 2409 356 2478 hoc
371 2413 528 2479 avertant
548 2406 667 2476 bavili.

342 2542 426 2611 Item
444 2539 599 2609 dominus
614 2536 881 2629 archiepiscopus
896 2537 1024 2608 confert
1040 2536 1172 2608 scholas
1186 2536 1227 2608 de
1242 2535 1359 2629 Capite
1423 2535 1425 2539 ’

294 2665 435 2736 Stanno.

341 2800 425 2869 item
456 2806 507 2868 est
541 2820 629 2867 unus
661 2797 781 2866 furnus
810 2795 896 2866 situs
929 2804 1009 2865 anto
1041 2795 1167 2866 dictum
1207 2804 1358 2866 castrum

292 2932 446 2994 vocatum
462 2922 607 2993 Planum
625 2921 754 3009 Cosmi,
786 2921 843 3013 qui
864 2943 931 2990 non
952 2927 1004 2991 est
1024 2919 1151 2990 domini
1170 2919 1361 3012 archiepis·

292 3049 383 3142 copi,
416 3047 475 3119 sed
501 3056 635 3118 tenetur
673 3047 716 3116 ab
755 3068 794 3116 eo
819 3054 853 3115 et
875 3045 975 3116 debet
1000 3044 1151 3136 qualibet
1169 3046 1361 3136 septimana

292 3173 430 3266 decoqui
444 3173 517 3244 sino
529 3192 736 3264 quocumque
750 3177 847 3240 oustn
860 3168 994 3239 domiuo
1010 3168 1277 3263 archiepiscope,
1298 3192 1359 3263 pro

293 3320 357 3368 usu
370 3296 472 3369 castri
488 3297 541 3367 sui
559 3296 614 3366 vel
629 3295 783 3388 gentium
802 3317 954 3365 suarum.

342 3433 426 3502 item
461 3453 577 3501 omnes
611 3429 662 3499 illi
699 3429 755 3521 qui
796 3429 924 3500 habent
960 3428 1077 3499 vineas
1112 3428 1146 3497 in
1189 3427 1360 3500 terminali

292 3553 524 3648 Capitestanni
564 3554 599 3622 in
627 3553 698 3624 loco
725 3560 842 3623 vocato
875 3552 919 3622 ad
957 3552 1168 3640 Gabianum‚
1204 3559 1362 3622 tenentur
1429 3611 1432 3615 .
1516 3588 1518 3593 ·

291 3688 469 3774 apportare
484 3701 598 3750 eorum
611 3677 767 3770 expensis
778 3684 882 3747 totam
903 3676 1108 3748 vindemiam
1134 3677 1359 3769 pertinentem

291 3805 334 3876 ad
343 3805 516 3875 dominum
534 3802 816 3896 archiepiscopum
832 3801 875 3873 ad
888 3802 1065 3873 cellarium
1076 3825 1174 3872 suum
1190 3801 1231 3873 de
1241 3800 1360 3894 Capite

293 3931 459 4022 Stangno.

233 4088 236 4093 ’
341 4065 425 4135 Item
440 4061 544 4134 habet
569 4062 725 4133 dominns
743 4061 1013 4154 archiepiscopus
1033 4060 1070 4130 in
1096 4061 1168 4131 loco
1183 4064 1218 4131 et
1238 4058 1361 4130 tormi-

294 4189 428 4261 nalibus
448 4187 489 4259 de
504 4188 621 4280 Capite
637 4187 790 4280 Stangno
804 4187 846 4258 de
860 4186 1015 4257 omnibus
1025 4185 1177 4278 agreria,
1197 4193 1355 4278 tasquas,
1402 4180 1406 4185 ’

293 4320 461 4404 tersones,
485 4319 663 4405 quartum,
684 4312 853 4404 quintum.
