3308 5430
528 613 568 659 nn
589 594 824 661 n’nncnnvlcnrl
843 611 884 658 nn
904 606 1075 658 nnnnnnnn
1316 593 1356 653 95

729 801 917 872 LXXXIV

698 1021 742 1070 DE
767 1019 946 1070 ΟΑΜΡΑΝΑ.

339 1205 499 1298 Sequitur
513 1204 605 1274 locus
621 1202 664 1276 de
681 1203 854 1296 Campana
867 1202 926 1295 qui
943 1224 1010 1272 non
1031 1211 1082 1273 est
1096 1200 1222 1272 domini
1237 1199 1357 1272 archi-

273 1330 452 1425 episcopi,
477 1328 536 1400 sed
550 1329 690 1422 percipit
706 1329 752 1398 ibi
772 1350 849 1420 qnae
868 1335 1030 1420 sequntur
1048 1349 1108 1420 per
1126 1325 1289 1396 ordinem.

339 1479 455 1551 Primo
472 1480 508 1551 in
526 1480 669 1575 pecunia
685 1480 727 1552 de
745 1502 848 1551 censu
862 1477 1035 1550 duodecim
1053 1477 1222 1550 denarios,

340 1632 425 1703 Item
445 1653 550 1703 unam
569 1631 734 1724 gallinam
747 1630 954 1704 censualem.

743 1890 913 1963 LXXXV

720 2118 763 2168 DE
788 2117 925 2168 NIORTO.

340 2301 499 2395 Sequitur
528 2302 619 2374 locus
648 2301 690 2373 de
715 2300 906 2394 Niertoqni
929 2304 1065 2371 nonest
1089 2298 1213 2395 demini
1236 2297 1356 2368 archi-

292 2427 435 2520 episcopi
471 2426 725 2516 Narbonensis,
758 2427 816 2497 sed
851 2426 990 2519 percipit
1015 2426 1061 2495 ibi
1086 2447 1176 2495 anno
1209 2421 1360 2517 quolibet

292 2572 369 2642 quae
388 2558 550 2642 sequntur
570 2550 807 2642 pererdInem.

341 2702 457 2771 Primo
475 2701 511 2770 in
527 2702 669 2794 pecunia
688 2702 729 2772 de
746 2723 848 2772 censu
868 2700 1104 2792 septemdecim
1122 2700 1257 2772 solidos.

341 2853 424 2923 Item
443 2851 485 2923 de
499 2852 668 2923 frumento
689 2852 848 2924 tredecim
863 2852 1006 2924 sestaria
1024 2851 1209 2923 censualia.

341 3004 425 3074 Item
449 3002 490 3074 de
508 3026 651 3074 arracne
671 3004 714 3075 ad
734 3025 927 3076 mensuram
949 3002 1064 3074 Saltus
1080 3002 1203 3096 viginti
1232 3011 1360 3096 septem

293 3128 449 3198 sestaria.

342 3279 426 3350 Item
447 3279 595 3373 gallinas
609 3278 705 3351 duaa.

341 3430 425 3501 Item
444 3454 548 3501 unum
566 3430 704 3523 plenum
719 3432 873 3525 galatum
886 3431 1061 3501 canilium.

341 3580 425 3650 Item
443 3580 621 3673 foriscapia
639 3590 673 3652 et
691 3580 865 3653 laudimia.

734 3838 921 3909 LXXXVI

571 4046 615 4096 DE
640 4046 835 4098 GALINAGIIS
861 4047 904 4096 ΕΤ
930 4046 1081 4097 nonulla.

342 4209 513 4320 Sequntur
542 4229 615 4299 loru
641 4231 683 4302 de
711 4230 904 4324 Galinagiis
925 4240 959 4302 et
989 4230 1142 4303 Redema
1169 4230 1205 4301 in
1237 4231 1360 4324 quibus

292 4351 374 4422 locis
394 4353 429 4422 in
447 4354 548 4424 certis
568 4355 721 4446 partibus
739 4363 773 4427 et
792 4355 1027 4428 terminalibus
1056 4355 1213 4427 dominns
1241 4355 1359 4427 archi-
