3308 5430
293 663 351 725 436
736 671 829 718 mvnn
850 654 932 719 vsnr'

288 821 360 893 alta
374 825 408 892 et
420 819 521 889 bassa
535 823 570 886 et
587 837 680 887 mero
703 837 743 887 ac
763 815 869 886 mixto
884 814 1026 910 imperio
1043 822 1078 887 et
1098 816 1218 910 primis
1239 817 1362 911 appel-

294 943 490 1018 latienibus.

340 1095 424 1164 Item
445 1092 548 1163 habet
569 1092 605 1163 iu
624 1090 712 1163 dicto
729 1090 800 1162 loco
821 1113 899 1183 quae
919 1099 1083 1184 sequntur
1105 1114 1164 1186 per
1193 1092 1358 1165 oniinem.

343 1244 459 1314 Primo
475 1251 623 1314 castrum
638 1264 715 1313 cum
731 1263 799 1312 una
817 1240 917 1311 turri.

342 1396 425 1466 Item
449 1416 554 1464 unum
576 1392 759 1485 hospitium
782 1390 901 1462 modici
926 1390 1054 1463 valoris
1080 1392 1171 1464 inira
1188 1404 1361 1479 castrum,

293 1519 381 1613 quod
404 1518 520 1589 datum
545 1524 598 1589 est
624 1516 667 1588 ad
696 1539 821 1587 novum
848 1515 1036 1609 accepitum
1065 1516 1108 1586 ad
1141 1526 1210 1589 tres
1233 1518 1364 1589 eminas

295 1643 400 1714 ordei.

341 1795 425 1863 Item
441 1791 544 1862 habet
562 1790 609 1862 ibi
627 1791 783 1862 dominus
796 1791 884 1884 qued
903 1791 985 1864 cmit
1001 1815 1107 1863 unum
1132 1792 1364 1864 cavalherium

293 1926 327 1988 ct
353 1924 425 1987 octo
444 1916 588 1987 sestaria
605 1916 765 1986 frumenti
790 1917 963 1988 censualia
992 1930 1027 1989 et
1050 1917 1141 1988 ultra
1165 1924 1303 2010 tesquas
1330 1924 1365 1988 et
1476 1974 1482 1983 .

293 2040 363 2112 alia
377 2040 525 2133 agreria.

343 2193 426 2263 Item
446 2190 572 2262 cridam
588 2198 622 2262 et
636 2191 851 2283 inquantum.

344 2346 428 2415 Item
444 2342 568 2415 banna.

344 2496 428 2565 Item
452 2493 654 2580 asinariarn;
682 2516 798 2564 ornnes
824 2493 977 2565 homines
999 2493 1079 2565 dicti
1110 2494 1170 2565 loci
1201 2494 1366 2565 habentes

295 2620 458 2691 animalia
469 2627 627 2690 tenentur
647 2626 780 2711 portare
801 2619 889 2711 apud
915 2620 1123 2708 Narbonem,
1140 2619 1184 2690 ad
1204 2618 1364 2712 greneria

294 2745 419 2816 demini
451 2744 503 2814 sui
534 2744 787 2837 archiepiscopi,
813 2752 920 2812 totum
936 2742 1072 2813 bladum
1097 2743 1138 2814 de
1162 2743 1300 2815 decimis
1328 2748 1364 2812 et

294 2870 423 2962 tasquis
462 2878 497 2940 et
529 2869 680 2956 usaticis,
719 2877 752 2939 et
784 2867 939 2938 dominus
970 2868 1239 2962 archiepiscopus
1267 2867 1366 2939 debet

294 2997 404 3066 facere
435 2994 629 3065 hominibus
644 2994 753 3065 seium
769 3016 935 3086 expensas
955 2993 990 3063 in
1010 2993 1129 3065 ciboet
1147 3001 1240 3086 putu.

746 3285 909 3357 CXXVII

573 3515 659 3566 ITEM
684 3515 727 3565 DE
753 3514 884 3565 SANGTO
909 3513 1103 3564 MARCELLO.

343 3700 514 3791 Sequntur
529 3695 823 3768 eensusannuales
837 3696 941 3768 debiti
951 3719 1041 3767 anuo
1057 3695 1207 3789 quolibet
1224 3695 1261 3766 in
1276 3695 1365 3767 dieto
1476 3687 1478 3691 ⁷

294 3824 364 3894 loco
381 3822 516 3894 domino
536 3845 596 3894 suo
609 3822 859 3916 archiepiscopo
878 3821 1105 3893 Narbonensi.

344 3975 459 4045 Primo
470 3975 507 4045 in
518 3974 660 4067 pecunia
670 3974 897 4067 quadragmta
912 3973 1046 4062 solidos,
1064 3971 1178 4045 decem
1190 3971 1360 4044 denarios.

345 4129 429 4197 Item
441 4149 501 4219 pro
512 4133 630 4218 questa
644 4126 783 4196 annuali
800 4130 929 4218 septem
948 4125 1065 4213 librae,
1084 4131 1212 4218 septem
1225 4122 1361 4194 solidos

347 4279 536 4351 Secundum
557 4279 818 4349 instrumentum
831 4277 1131 4369 affranquamenti,
1149 4275 1303 4347 homines
1322 4275 1365 4347 de

298 4408 421 4479 Sancto
450 4404 610 4477 Marcello
633 4425 699 4474 uon
723 4410 880 4474 tenentur
901 4401 1043 4490 solvere,
1071 4407 1143 4471 tam
1160 4416 1221 4493 pro
1245 4406 1365 4492 questa
