3308 5430
529 658 569 706 uu
589 640 825 706 u'uucnuvtcmt
845 657 885 705 nu
906 655 1074 707 uaaoouuu
1317 649 1350 710 st

288 803 387 877 moda
411 802 645 898 jurisdictione
675 802 747 874 alta
778 810 813 874 et
841 802 942 874 bassa
977 811 1011 874 et
1046 826 1139 877 mero
1178 827 1218 877 ac
1250 807 1356 878 mixto

288 927 429 1024 imperio
441 932 477 1000 et
490 927 610 1021 primis
627 926 921 1021 appellationibus.

338 1077 421 1148 Item
436 1076 541 1148 habet
557 1074 713 1147 dominus
732 1075 1002 1171 archiepiscopus
1027 1077 1064 1148 in
1083 1078 1171 1151 dicto
1187 1079 1261 1151 loco
1279 1102 1356 1174 quae

288 1207 451 1296 sequntur
469 1223 529 1295 per
544 1199 708 1272 ordinem.
1114 1195 1118 1204 '

338 1352 453 1424 Primo
471 1376 577 1424 unum
598 1352 797 1425 fortalitium
820 1353 855 1423 in
884 1377 952 1425 una
975 1355 1054 1426 sorti
1078 1378 1162 1459 rupe
1189 1363 1223 1430 et
1253 1380 1355 1430 unam

288 1499 471 1551 cameram.

339 1620 423 1692 Item
441 1641 545 1692 uuam
562 1618 711 1691 domum.

339 1763 424 1833 Item
445 1784 550 1832 unum
567 1761 797 1834 molendinum
818 1767 891 1834 octo
910 1769 1074 1835 rotarum.

339 1903 424 1975 Item
444 1925 594 1975 nemora.

339 2047 423 2117 Item
443 2045 636 2140 pasquaria.

339 2190 423 2261 Item
444 2189 616 2262 devesiam
636 2190 778 2285 piscium
799 2191 835 2261 in
853 2190 979 2284 riperia
995 2214 1072 2263 eum
1091 2214 1191 2286 pena.

747 2466 899 2537 LXXIX

422 2673 505 2724 ITEM
526 2674 570 2723 DE
591 2673 721 2726 SANG'I'O
739 2674 895 2726 MARTINO
915 2675 959 2726 DE
979 2676 1093 2726 PETRA
1114 2676 1224 2728 Lusus.

340 2857 510 2949 Sequntur
543 2878 664 2928 census
689 2856 855 2930 annuales
886 2856 965 2929 dicti
999 2858 1060 2930 loci
1091 2857 1194 2930 debiti
1222 2859 1357 2933 domino

290 2980 539 3075 archiepiscopo
565 2981 791 3054 Narbonensi.

340 3132 454 3202 Primo
488 3133 523 3202 in
561 3133 704 3225 pecunia
735 3132 777 3205 de
809 3155 911 3205 ceusu
945 3133 1172 3228 quadraginta
1208 3138 1357 3228 quinque

291 3256 414 3330 solidos
433 3281 539 3329 unum
559 3257 749 3330 denarium.

340 3410 424 3481 Item
442 3409 483 3480 de
501 3409 670 3481 frumento
690 3410 758 3481 tria
778 3411 933 3482 sestaria.

340 3553 424 3624 Item
450 3553 490 3624 de
514 3575 658 3623 arraona
676 3559 803 3646 septem
825 3555 980 3626 sestaria.

341 3695 424 3765 Item
451 3693 492 3765 de
520 3717 598 3767 cera
629 3702 774 3789 quatuor
802 3695 920 3768 libras.

340 3836 425 3908 Item
445 3836 594 3929 gallinas
613 3836 655 3910 de
674 3859 778 3910 censu
795 3838 976 3912 sexdecim.

341 3989 425 4059 Item
440 3987 588 4081 galliuas
606 3987 647 4060 de
665 4011 767 4061 censu
785 3989 975 4081 sexdecim,
993 3999 1028 4065 et
1043 3991 1203 4087 quaelibet
1220 3993 1357 4088 fogassa

291 4112 413 4184 debere
432 4112 546 4184 valere
565 4136 666 4184 unam
685 4114 809 4186 libram
824 4115 934 4209 panis.

342 4266 424 4336 Item
443 4265 580 4358 agreria
600 4266 641 4336 de
661 4266 774 4338 blado.

341 4408 426 4479 Item
445 4407 625 4502 foriscapia
646 4416 681 4481 et
698 4408 873 4482 laudimia.
