3308 5430
301 605 338 663 Ia
734 615 827 661 uvun
849 615 928 662 unni

298 785 409 851 cessa,
431 784 490 854 per
503 761 676 831 dominum
695 783 807 832 meum
827 783 916 830 nunc
936 759 1155 852 acquisitam,
1182 767 1217 831 et
1245 782 1367 854 quam-

297 885 375 957 dam
393 887 497 956 aliam
509 886 596 955 dicto
611 885 734 956 Clausa
748 886 956 977 contiguam,
973 908 1051 977 quac
1068 884 1134 954 fuit
1150 884 1239 957 d'Eu
1261 887 1365 956 Ama·
1400 913 1403 919 ·

299 1010 478 1105 ponsleyia
496 1015 643 1102 emptam
658 1032 717 1102 per
735 1009 919 1079 domiuum.

803 1318 851 1388 IV

604 1518 647 1567 nu
672 1518 852 1575 ALIQUIBUS
878 1517 1055 1567 ECCLESIIS.

346 1686 515 1776 Sequatur
534 1683 684 1755 9991991911
703 1706 780 1774 quen
801 1682 930 1753 faciunt
947 1705 1037 1752 anuo
1058 1682 1207 1774 quolibet
1230 1681 1365 1755 domino

294 1808 542 1901 archiepiscopo
579 1807 769 1899 peutiouem
807 1807 848 1877 de
876 1806 996 1895 blado,
1035 1829 1137 1899 quam
1172 1808 1364 1899 pontionem

295 1943 440 2004 rectores
458 1932 673 2003 ecclesiarum
695 1939 853 2002 tcueutui·
864 1940 1043 2024 apportare
1056 1932 1127 2002 suis
1143 1932 1286 2024 propriis
1296 1956 1363 2003 ex-

295 2059 408 2151 pensis
431 2057 602 2128 Narbouae
618 2057 659 2127 911
680 2057 841 2148 graueria
856 2056 981 2126 domini
1002 2056 1243 2150 archiepiscopi
1266 2059 1362 2129 Nar-

295 2182 466 2254 bonensis.

294 2332 808 2404 Ρ111999991991991909199119
836 2332 877 2401 (lc
906 2332 1075 2403 frumento
1106 2333 1219 2405 decem
1249 2341 1362 2406 sesta-

342 2459 394 2528 ria
400 2509 1124 2529 ...............................
1156 2480 1179 2529 x
1204 2460 1359 2532 sestaria.

294 2584 376 2654 Item
388 2582 504 2652 eadem
520 2581 659 2651 99919919
670 2581 711 2650 de
726 2581 824 2650 ordeo
842 2581 954 2652 decem
969 2581 1123 2652 sestaria.
1155 2604 1178 2652 x
1204 2582 1358 2654 sestaria.

294 2708 376 2776 Item
414 2706 553 2777 99919919
580 2705 621 2774 de
649 2707 764 2775 Monte
791 2706 944 2796 Rebegio
973 2706 1013 2776 de
1039 2707 1208 2778 frumento
1240 2730 1361 2777 novem

340 2832 483 2901 sestaria
488 2882 1109 2903 ..........................
1142 2854 1177 2903 ui
1202 2833 1357 2902 sestaria.

293 2958 376 3026 Item
392 2954 508 3025 eadem
521 2955 659 3026 99919919
672 2955 713 3025 (19
730 2955 829 3025 ordeo
835 3008 1109 3028 ............
1141 2979 1177 3027 ix
1203 2957 1357 3028 sestaria.

294 3082 376 3151 Item
397 3081 536 3150 ecclesia
562 3081 603 3150 de
635 3081 866 3151 Oinasonibus
885 3080 926 3150 de
950 3081 1120 3151 frumento
1155 3082 1269 3153 decem
1284 3089 1361 3152 octo

341 3206 558 3277 sestariorum
592 3228 694 3275 uuam
720 3205 994 3278 cameriam...
1027 3230 1110 3279 xviu
1131 3213 1211 3279 sest.
1241 3231 1251 3278 1
1272 3216 1356 3279 cart.

292 3333 337 3403 Et
368 3331 485 3402 eadem
509 3330 650 3402 ecclesia
681 3330 722 3400 de
737 3329 836 3400 ordeo
852 3330 994 3422 triginta
1015 3339 1087 3402 octo
1103 3332 1245 3402 sestaria
1257 3355 1360 3403 uuam

340 3456 518 3526 carteriam
531 3504 956 3527 ..................
989 3479 1121 3529 xxxviii
1146 3464 1226 3528 sest.
1246 3465 1355 3527 1cart.

292 3583 376 3652 Item
400 3579 540 3650 99919919
563 3580 677 3650 Sancti
703 3579 844 3650 Martini
860 3579 901 3649 de
921 3579 1012 3650 Toca
1028 3579 1069 3650 de
1087 3581 1256 3652 frumento
1281 3605 1360 3675 sep-

339 3713 408 3775 tem
425 3704 568 3776 sestaria
573 3757 1168 3777 .........................
1201 3725 1249 3778 vu
1274 3712 1354 3776 sest.

291 3831 374 3899 Item
392 3829 433 3900 de
451 3829 551 3899 ordeo
571 3880 1144 3902 ........................
1177 3853 1248 3901 xuu
1273 3836 1354 3902 sest.

291 3957 375 4025 Item
401 3954 538 4025 ecclesia
564 3954 605 4024 de
631 3955 755 4025 Sancta
777 3956 916 4025 Valeria
937 3955 1080 4046 triginta
1104 3955 1170 4025 duo
1198 3955 1353 4026 sestaria.

1151 4102 1246 4150 xxxu
1273 4087 1354 4151 sest.

292 4207 374 4275 Item
391 4203 507 4275 eadem
526 4203 666 4274 99919919
683 4204 725 4274 de
739 4203 837 4274 ordeo
858 4204 1001 4296 triginta
1013 4203 1079 4274 duo
1091 4205 1234 4275 sestaria
1249 4203 1354 4276 ordei.

1151 4351 1246 4399 xxxu
1273 4335 1352 4400 sest.
