3308 5430
532 650 573 697 nn
593 629 828 696 n'nncnnvtcnrt
847 644 889 692 on
909 641 1081 693 nuunonun

775 874 882 946 XXX

646 1077 691 1126 DE
715 1075 826 1127 FONTE
851 1072 1006 1125 JONCOSO.

339 1264 499 1357 Sequitur
512 1262 605 1333 loous
622 1261 663 1332 de
681 1262 790 1333 Fonte
807 1261 949 1332 Jonooso
967 1259 1025 1353 qui
1049 1266 1101 1331 est
1124 1265 1214 1329 totus
1234 1254 1361 1329 domini

290 1389 529 1482 archiepiscopi
549 1386 781 1460 Narbonensis
804 1409 880 1456 cum
912 1384 1102 1456 omnimoda
1126 1382 1362 1478 jurisdictione

289 1514 360 1585 alta
380 1526 414 1586 et
430 1513 530 1584 bassa
550 1518 584 1584 et
601 1535 694 1584 mero
714 1534 754 1582 ac
772 1510 878 1581 mixto
898 1509 1038 1604 imperio
1053 1515 1088 1580 et
1106 1507 1225 1601 primis
1243 1506 1364 1602 appel-

290 1638 488 1710 lotionibus

339 1790 423 1861 Item
437 1789 542 1861 habet
560 1787 702 1859 indicto
723 1788 794 1858 loeo
813 1809 891 1881 quae
911 1793 1076 1880 sequntur
1088 1809 1149 1881 per
1166 1785 1333 1860 ordinem.

340 1942 453 2013 Primo
475 1964 580 2012 unum
595 1940 778 2033 hospitium
796 1939 1018 2010 destructum.

338 2095 422 2165 Item
438 2095 576 2165 furnum
595 2093 767 2187 proprium
783 2092 914 2163 rationo
934 2090 1192 2162 affraneamenti
1209 2091 1290 2163 facti
1303 2113 1363 2184 per

290 2219 462 2291 dominum
478 2220 617 2290 Petrum
637 2218 925 2312 archiepiscopum
942 2215 1211 2288 Narbonensem.

341 2373 424 2442 Item
451 2392 571 2440 nemus
599 2369 777 2462 pulchrum
804 2368 931 2456 viride,
963 2367 1006 2438 de
1034 2390 1099 2460 quo
1125 2368 1240 2439 nullus
1263 2368 1363 2441 debet

289 2496 385 2589 ligna
415 2496 562 2588 recipere
587 2495 650 2565 sub
673 2517 760 2588 pena
789 2495 970 2587 sexaginta
995 2493 1177 2565 solidorum
1199 2501 1232 2566 et
1255 2494 1361 2565 trium

289 2620 519 2691 denariorum.

338 2773 422 2844 Item
442 2772 545 2842 habet
558 2772 750 2864 ramagium
764 2771 844 2842 dicti
856 2771 1017 2861 nemoris,
1036 2772 1123 2864 quod
1137 2772 1363 2845 communiter

289 2897 459 2968 oonsuevit
479 2897 594 2969 valere
611 2896 755 2990 triginta
770 2897 889 2968 libras.

339 3052 422 3121 item
435 3049 562 3120 oridam
580 3056 615 3121 et
633 3050 847 3143 inquantum.

338 3203 422 3273 Item
453 3202 666 3273 medietatem
686 3202 874 3273 bannorum
891 3208 926 3273 et
944 3163 1106 3274 medietas
1128 3210 1180 3274 est
1200 3225 1358 3274 commu-

293 3327 422 3399 nitatis

764 3559 887 3630 XXXI

591 3761 673 3812 ITEM
697 3762 741 3812 DE
766 3762 876 3812 FONTE
900 3762 1056 3814 JONCOSO.

340 3960 511 4052 Sequntur
544 3984 665 4032 census
692 3961 857 4034 annuales
888 3962 968 4034 dicti
1001 3963 1065 4035 loci
1089 3963 1194 4036 debiti
1225 3964 1361 4038 domino

292 4083 540 4177 archiepiscopo
555 4084 782 4157 Narbonensi.

343 4235 457 4305 Primo
476 4236 512 4305 in
528 4236 669 4328 pecunia
689 4237 916 4330 quadraginta
937 4238 1021 4310 duos
1045 4239 1186 4330 solidos,
1219 4247 1363 4333 quatuor

294 4358 467 4448 denarios,
492 4358 639 4432 obolum.
