3308 5430
539 594 578 640 nn
598 575 833 640 u’nncnnvdcud
856 593 896 638 on
916 592 1085 641 nnnnomun
1336 578 1355 638 7

339 742 423 812 Item
439 740 540 812 habet
559 740 595 809 in
615 739 703 810 dicto
718 739 789 810 loco
805 761 881 831 quae
899 745 1086 831 sequuntur
1103 762 1163 832 per
1174 739 1338 810 ordinem.

340 891 455 960 Primo
471 889 616 981 hospitia
638 888 736 980 plura
756 911 837 959 cum>
848 888 998 980 cappella
1025 888 1060 958 in
1088 888 1214 959 honore
1241 887 1355 959 Sancti

288 1013 376 1106 Lupi
395 1024 428 1084 el
440 1013 554 1084 Sancti
570 1012 740 1083 Vincentii
756 1011 909 1083 fundata.

337 1182 421 1252 Item
442 1181 545 1254 habel
560 1180 683 1252 ibidem
693 1181 776 1251 duos
790 1191 880 1251 ortos
890 1182 1065 1273 contiguos
1075 1181 1172 1251 dictis
1184 1180 1352 1273 hospitiis.

338 1351 421 1420 Item
436 1349 524 1420 idem
534 1372 637 1420 unam
652 1372 813 1441 magnam
825 1349 1058 1420 condaminam
1072 1376 1079 1419 :
1095 1351 1126 1420 le
1139 1349 1247 1420 Fleloc
1255 1369 1263 1435 ;
1277 1348 1356 1419 dala

288 1483 339 1545 est
349 1473 391 1544 ad
412 1497 534 1543 novum
556 1475 741 1566 accepitum
759 1473 895 1544 divisim
918 1474 1145 1567 emphiteolis‚
1168 1482 1205 1543 ul
1220 1473 1255 1542 in
1270 1472 1357 1543 libro

290 1598 495 1669 usalicorum
504 1599 708 1688 continetur,
726 1594 905 1691 sexaginta
919 1600 1019 1670 unius
1031 1599 1130 1670 librae
1145 1622 1221 1669 cum
1241 1597 1356 1668 laudi-

289 1722 358 1793 mio
382 1732 416 1793 et
434 1723 623 1816 foriscapio.

340 1891 423 1961 Item
449 1890 552 1961 habet
577 1890 701 1960 ibidem
719 1891 889 1962 ‹lovesiam
913 1891 1145 1962 cuniculorum
1169 1890 1226 1960 ubi
1243 1891 1358 1961 nullus

290 2013 389 2085 debet
408 2015 525 2086 venari
542 2016 614 2086 sine
635 2016 770 2086 licentia
784 1996 902 2107 ipsius.

339 2186 423 2255 Item
444 2182 547 2253 habet
565 2182 612 2253 ibi
629 2183 837 2254 tamarisiam
852 2183 909 2253 ubi
925 2182 1040 2253 nullus
1050 2182 1148 2253 deber
1164 2183 1258 2274 ligna
1271 2181 1359 2254 reci-

294 2332 390 2401 pere,
413 2309 476 2379 sub
490 2330 577 2401 pena
589 2308 785 2378 arbitraria.

339 2462 424 2530 Item
436 2459 539 2530 habel
553 2460 707 2536 dominus
728 2460 996 2551 archiepiscopus
1014 2459 1187 2530 Narbonae
1199 2458 1234 2527 iu
1249 2459 1358 2528 tribus

293 2584 374 2655 locis
396 2584 548 2654 devesias
568 2584 796 2654 cuniculorum
831 2584 982 2654 videlicet
1016 2585 1050 2653 in
1079 2584 1149 2654 loco
1176 2591 1292 2653 vocato
1319 2582 1360 2653 de

292 2710 416 2780 Sancto
436 2710 530 2802 Lupo
548 2718 583 2779 el
611 2709 647 2778 in
673 2710 744 2779 loco
776 2718 890 2780 vocabo
918 2712 954 2778 lo
972 2710 1138 2780 Malleolo
1166 2717 1200 2779 et
1223 2709 1258 2778 in
1288 2708 1359 2778 loco

291 2842 407 2904 vocato
427 2835 468 2904 de
488 2834 726 2928 (luminario,
751 2858 827 2925 quaa
854 2836 925 2904 loca
953 2845 1033 2904 sunt
1063 2834 1104 2904 do
1126 2833 1359 2926 jurisdictione

291 2982 354 3030 sua
371 2959 560 3028 omnimoda
580 2968 614 3028 et
633 2958 745 3029 nullus
761 2959 859 3029 debet
878 2959 924 3028 ibi
952 2960 1067 3030 venari
1084 2959 1273 3042 cumcuim,
1297 2958 1359 3027 sub

292 3107 380 3177 pena
392 3084 587 3153 arbitraria.

340 3238 423 3305 irem
444 3235 546 3304 habel
563 3234 711 3304 boeriam
729 3234 918 3326 duplicium
943 3233 1109 3325 hospilale
1132 3234 1228 3303 Santi
1259 3234 1357 3304 Pauli

292 3383 474 3453 pauperum
491 3359 589 3429 debet
605 3360 714 3429 iacere
730 3369 846 3428 aranu
867 3360 901 3426 in
922 3358 1121 3428 condamina
1136 3359 1250 3427 Sancti
1272 3359 1358 3450 Lupi
1467 3378 1472 3386 ·

291 3509 380 3554 aurio
401 3486 550 3577 quolibet
568 3484 610 3553 ad
626 3484 860 3554 seminandum
882 3484 1015 3552 bladum
1033 3508 1108 3553 cum
1126 3484 1242 3552 bobus.

343 3637 426 3704 ltem
438 3635 563 3704 dictum
575 3634 740 3726 hospitale
749 3635 848 3705 debet
865 3658 968 3704 unum
976 3635 1110 3727 jornale
1120 3659 1196 3704 cnm
1206 3635 1361 3705 omnibus

293 3760 444 3853 equabus
465 3760 507 3829 ad
526 3759 762 3830 excutiendum
781 3759 988 3828 frumentum
1003 3759 1081 3828 dicu
1104 3759 1358 3851 archiepiscopi.

344 3929 533 3999 [iamdicta
561 3931 596 3999 lc
621 3928 881 4000 Cocunlbrerlo
905 3929 1003 3998 debel
1027 3951 1130 3997 unum
1158 3928 1292 4020 jornale
1320 3928 1362 3998 dc

294 4063 408 4124 aratro
428 4077 504 4124 cum
523 4054 629 4124 bobus
649 4053 691 4123 ad
718 4052 951 4122 seminandum
977 4052 1114 4122 bladum
1138 4052 1218 4122 dicti
1248 4052 1363 4123 arohi-

295 4179 457 4272 cpiscopi,
493 4188 527 4250 et
566 4179 675 4248 dictus
710 4178 978 4270 archiepiscopus
1018 4183 1150 4248 tenetur
1185 4177 1234 4249 eis
1253 4178 1362 4248 facore

296 4295 461 4394 expensas
484 4302 520 4371 in
540 4302 739 4372 vicinalibus
755 4301 875 4371 solum.
