3308 5430
294 570 331 630 ⁴0
727 546 820 630 irrue
842 584 922 631 vaur

340 732 424 801 Item
455 752 515 822 pro
538 728 664 800 oboleis
688 728 876 800 terminalis
898 729 1012 801 Sancti
1034 715 1213 805 'laurentii
1238 736 1296 808 siti
1324 736 1359 809 iu

290 853 467 948 parrochia
484 852 526 923 <le
547 852 746 941 Monachia,
766 859 899 924 centum
915 854 1037 926 solidos
1056 855 1110 928 vel
1133 858 1233 929 circa.

338 1015 423 1086 ltem
454 1012 571 1106 recipit
599 1012 634 1083 in
657 1011 745 1083 dicto
776 1012 948 1085 terminali
976 1037 1035 1107 pro
1072 1017 1250 1090 venatione
1285 1020 1359 1092 sive

291 1138 418 1211 usatico
439 1160 569 1223 annuo,
588 1137 732 1229 triginta
745 1136 880 1209 solidos.

339 1300 423 1370 ltem
443 1296 484 1369 de
500 1298 686 1386 frumento,
710 1319 812 1367 uuam
828 1298 1013 1390 poneriam.

341 1460 423 1529 Item
444 1481 504 1551 pro
518 1480 635 1550 campo
650 1464 683 1527 et
702 1463 775 1527 orto
794 1455 836 1527 de
851 1456 985 1547 Scorto,
1013 1465 1085 1529 octo
1107 1459 1251 1531 sestaria
1276 1461 1356 1532 sru-

292 1583 409 1654 menti.

340 1745 423 1814 ltem
441 1742 482 1814 de
502 1741 623 1831 ordeo,
642 1742 766 1834 viginti
782 1765 903 1814 novem
919 1743 1074 1815 sestaria.

339 1906 422 1976 ltem
449 1903 580 1974 notaria
609 1902 651 1974 de
679 1903 875 1974 Fabresano
896 1904 997 1974 solvit
1027 1904 1069 1976 de
1099 1905 1256 1998 pentione
1285 1905 1358 1977 sive

292 2050 394 2101 censu
415 2026 501 2098 duas
519 2026 624 2098 libras
644 2050 744 2099 cerae.

340 2190 424 2259 Item
447 2187 632 2259 notariade
653 2189 796 2272 Caneto,
824 2211 925 2258 unam
941 2187 1063 2259 libram
1081 2211 1182 2260 cerae.

339 2342 424 2412 Item
443 2339 575 2411 notaria
592 2340 633 2410 de
652 2340 767 2411 Monte
788 2340 926 2426 Brona,
953 2340 994 2411 de
1012 2363 1090 2411 cera
1107 2339 1192 2412 (luas
1211 2340 1329 2413 libras.

339 2494 423 2564 Item
442 2491 574 2563 notaria
594 2489 636 2562 de
651 2491 793 2580 Caunis,
814 2490 855 2562 de
875 2514 953 2562 cera
970 2490 1055 2562 duas
1074 2491 1192 2564 librae.

338 2646 421 2715 ltern
443 2641 540 2713 navis
552 2642 594 2711 dc
613 2642 735 2713 Sancto
754 2641 932 2726 Marcelle,
953 2642 994 2712 de
1014 2665 1090 2714 cera
1108 2642 1192 2714 duas
1207 2644 1325 2716 libras.

339 2802 422 2871 ltem
444 2802 592 2872 loannes
615 2794 783 2871 Drudonis
803 2801 844 2871 de
866 2802 1029 2872 Narbona
1047 2825 1107 2895 pro
1138 2826 1204 2873 uno
1222 2803 1358 2875 molen-

289 2925 367 2995 dino
388 2925 476 3017 quod
498 2926 634 2996 tenebat
658 2949 679 2996 a
702 2926 836 2996 domino
865 2926 1113 3020 archiepiscopo
1142 2928 1358 3000 Narbonensi

289 3058 358 3122 tres
376 3051 482 3121 libras
499 3071 609 3137 cerae;
633 3074 725 3121 nunc
739 3073 805 3121 non
822 3051 922 3120 solvit
936 3055 1024 3144 quod
1052 3051 1281 3124 molendinum
1307 3060 1359 3124 est

290 3175 496 3246 destructum
512 3183 546 3245 et
566 3174 744 3245 remissum
765 3174 899 3245 domiuo
920 3198 980 3268 pro
1005 3197 1094 3246 nunc
1114 3175 1329 3269 praesidente.

338 3336 423 3406 ltem
442 3310 578 3405 devesia
596 3339 714 3404 vocata
740 3332 834 3403 Villa
859 3334 1009 3426 Juzarga
1036 3334 1211 3406 consuevit
1225 3336 1356 3408 solvere
1392 3359 1397 3368 ·

289 3460 331 3531 de
364 3482 442 3530 cera
480 3480 583 3528 unam
613 3456 736 3528 libram
749 3478 759 3544 3
792 3481 881 3528 nunc
908 3481 987 3529 vero
1029 3481 1096 3529 non
1135 3458 1236 3530 solvit
1269 3460 1357 3552 quod

257 3583 444 3661 ¹(lominus
475 3582 744 3675 archiepiscopus
771 3583 932 3675 quittavit
963 3604 1063 3670 eam;
1102 3582 1183 3654 data
1223 3592 1275 3655 est
1315 3584 1358 3656 ad

289 3709 477 3802 accapitum
497 3707 540 3779 ad
560 3715 630 3778 tres
647 3708 777 3778 eminas
793 3706 899 3779 ordei.
1181 3682 1185 3689 ⁸

338 3869 423 3939 Item
437 3867 535 3938 navis
544 3867 585 3938 de
595 3868 717 3938 Sancto
731 3866 891 3937 Marcello
902 3865 1003 3936 solvit
1015 3872 1084 3937 tres
1097 3867 1202 3938 libras
1217 3868 1356 3962 piperis

339 4022 423 4091 ltem
438 4019 599 4090 navisdel
615 4020 691 4091 Gua
708 4018 751 4089 de
766 4018 939 4106 Narbona,
960 4041 1062 4088 unam
1076 4018 1199 4089 libram
1214 4019 1353 4113 piperis

340 4173 423 4242 ltem
453 4137 616 4264 magister
647 4171 796 4241 loannes
821 4169 943 4262 Cepete
971 4168 1072 4239 solvit
1102 4191 1206 4239 unam
1233 4168 1356 4240 libram

291 4319 428 4390 piperis.
1069 4310 1072 4315 '
