3308 5430
534 627 576 674 nn
596 608 832 674 n'nuonuvluui
854 627 894 673 nn
915 625 1084 676 rnunonun
1323 613 1363 677 79

343 774 428 845 Item
439 772 483 844 de
497 773 679 862 fremente,
697 795 803 845 uuum
815 754 1017 859 sestarium3
1034 771 1077 845 de
1090 771 1203 863 ordeo,
1220 778 1365 865 quatuor

292 898 436 971 sestaria
457 905 491 970 et
508 898 730 990 quarteriam.

342 1050 427 1122 Ilem
445 1058 514 1121 tres
529 1048 677 1143 gallinas
695 1048 883 1121 censuales.
1095 1148 1100 1154 ι

342 1202 426 1273 Ibem
458 1222 578 1274 earnes
609 1199 718 1273 salsas
748 1199 785 1271 in
815 1199 932 1294 petiis,
970 1199 1029 1273 sed
1061 1208 1297 1294 computantur
1319 1171 1363 1272 'in

292 1347 449 1420 peeuma.

342 1479 426 1550 llem
444 1477 549 1550 habet
562 1478 717 1571 agreria,
741 1485 899 1572 tasquas‚
915 1487 1092 1571 quartum,
1115 1478 1285 1571 quintum.

340 1632 425 1702 ltem
442 1631 571 1702 curiam
587 1629 805 1724 temporalem
825 1652 902 1702 eum
917 1630 1060 1703 annexis
1075 1639 1109 1702 ei
1128 1631 1309 1703 notariam.

624 2165 669 2216 DE
693 2166 809 2216 MONTE
835 2166 1033 2217 GALHARDO.

341 2349 501 2441 Sequitur
515 2348 607 2420 locus
626 2349 669 2421 de
679 2350 796 2420 Moute
808 2348 981 2420 Galhardo
997 2349 1054 2419 ubi
1067 2349 1224 2420 dominus
1238 2349 1358 2420 arehi-

291 2472 464 2565 episeopus
486 2472 718 2544 Narbonensis
734 2472 837 2544 habet
850 2481 959 2544 eerlos
976 2474 1067 2545 focos
1087 2482 1121 2545 et
1144 2472 1298 2545 homines
1318 2473 1360 2545 de

292 2605 447 2668 mansata
462 2598 497 2667 in
518 2598 641 2690 quibus
658 2612 692 2669 et
709 2621 827 2670 eorum
841 2598 1109 2690 possessionibus
1128 2598 1231 2671 habet
1249 2600 1361 2670 omni-

291 2721 424 2793 modam
449 2721 718 2816 jurisdielionem
749 2724 854 2794 altam
880 2730 915 2793 el
947 2724 1082 2795 bassam
1105 2731 1140 2796 et
1163 2748 1294 2797 merum
1321 2747 1361 2796 ae

291 2846 435 2918 mixtum
456 2847 637 2940 imperium
651 2871 691 2919 ac
711 2848 838 2942 primas
857 2848 1112 2941 appellationes.

341 3000 424 3071 ltem
463 3000 499 3069 in
541 3001 685 3092 quodam
712 3000 882 3072 territorio
915 3008 1033 3071 vocata
1066 3001 1101 3072 lo
1135 3000 1237 3074 Cava
1261 3003 1362 3095 juxta

291 3147 424 3196 murum
440 3124 542 3195 castri
562 3148 681 3196 versus
695 3125 875 3196 terminum
892 3124 996 3196 habet
1010 3124 1235 3197 omnimodam
1251 3125 1361 3218 juris-

231 3257 237 3266 ’
290 3247 469 3321 dictionem
491 3248 609 3320 atalia
630 3258 797 3343 utsupra.

567 3787 649 3837 ITEM
675 3787 718 3837 DE
743 3786 859 3838 MONTE
884 3786 1082 3838 GALHARDO.

338 3970 509 4062 Sequnlur
536 3991 657 4042 census
686 3969 766 4041 dieti
799 3970 863 4041 loci
895 3969 1061 4042 annuales
1090 3967 1195 4041 debili
1225 3969 1360 4040 domiuo

288 4092 537 4186 archiepiscopo
557 4095 783 4165 Narbonensi.

339 4242 454 4313 Primo
492 4244 528 4312 iu
566 4245 707 4336 pecunia
739 4266 815 4316 uum
847 4243 1006 4314 carnibus
1044 4244 1144 4315 salsis
1176 4249 1211 4314 et
1239 4252 1359 4336 questa

291 4368 430 4439 annuali
445 4368 568 4461 viginti
587 4392 693 4440 uuum
707 4368 873 4458 solidum,
895 4378 965 4441 tres
984 4368 1153 4441 denarios,
