3308 5430
728 629 822 677 mvnn
845 629 923 678 VERI'

744 801 910 872 LXXVII

704 1001 747 1050 uu
783 1000 951 1051 TOSELLIS.

343 1159 503 1251 Sequitur
521 1158 612 1230 locus
632 1158 673 1228 do
694 1157 838 1229 'Iosellis
856 1157 912 1250 qui
932 1165 984 1229 est
1002 1165 1092 1229 totus
1106 1158 1232 1230 domini
1248 1157 1364 1230 arohi-

294 1284 438 1376 episoopi
463 1283 695 1354 Narbonensis
717 1306 793 1354 oum
821 1282 1012 1354 omnimoda
1040 1282 1270 1356 iurisdictione
1292 1283 1364 1355 alta

293 1423 327 1479 ot
349 1408 448 1479 bassa
468 1417 502 1481 et
522 1430 613 1478 mero
629 1407 769 1500 imperio
784 1416 818 1478 ot
834 1406 951 1499 primis
971 1407 1266 1501 appellationibus.

344 1552 427 1623 Item
442 1550 545 1622 habet
565 1551 600 1621 in
617 1550 705 1621 dioto
722 1550 792 1621 looo
812 1574 888 1642 [quau
910 1558 1072 1644 sequntur
1090 1574 1150 1645 per
1168 1550 1334 1625 ordinem.

341 1701 457 1773 Primo
472 1702 507 1772 in
525 1702 667 1796 pecunia
684 1702 725 1773 de
746 1725 848 1773 censu
869 1702 1058 1795 quindecim
1079 1702 1214 1774 solidos.

341 1845 425 1917 Item
443 1845 484 1916 de
499 1866 577 1916 cera
595 1867 700 1916 urnam
718 1845 853 1916 libram.

341 1997 424 2069 Item
456 1996 497 2068 de
523 1997 694 2068 frumento
724 2020 829 2068 unum
855 1997 1034 2069 sestarium
1062 2004 1096 2070 et
1122 2019 1227 2069 unam
1256 2018 1361 2091 quar-

296 2122 428 2194 teriam.

342 2275 424 2346 Item
441 2273 482 2345 de
500 2296 645 2346 arraono
663 2273 810 2367 quinque
829 2273 985 2347 sestaria.

342 2419 426 2489 Item
444 2418 592 2512 gallinas
605 2416 646 2489 de
662 2440 764 2488 oensu
783 2416 984 2510 quindecim.

341 2562 424 2631 Item
452 2582 571 2632 carnes
599 2560 731 2648 salsas,
765 2558 831 2630 duo
860 2559 1019 2631 carteria.

341 2706 424 2776 Item
453 2703 589 2796 agreria
621 2703 656 2772 in
687 2703 767 2773 vino
794 2710 828 2774 et
863 2702 974 2773 blado.

340 2848 423 2918 Item
444 2846 623 2938 sorisoapia
643 2853 678 2917 et
696 2845 870 2917 laudimia.

339 2992 424 3061 Item
437 2989 567 3061 curiam
582 2988 800 3081 temporalem
815 3012 891 3059 oum
906 2989 1062 3078 annexis,
1081 2988 1207 3060 scilieet
1219 3011 1359 3083 compo·

290 3115 469 3186 sitionibus
501 3122 536 3186 et
567 3113 730 3186 emendis.
907 3100 910 3105 ’
1100 3111 1103 3116 ’

339 3270 424 3339 Item
442 3266 622 3338 notariam.

339 3421 423 3491 Item
444 3442 560 3490 omnes
576 3419 729 3490 homines
743 3417 822 3488 dioti
842 3416 905 3487 looi
924 3424 1083 3488 tenentur
1098 3416 1208 3488 facere
1222 3416 1358 3487 domino

289 3567 350 3615 suo
382 3544 650 3637 archiepiscopo,
689 3544 725 3614 in
764 3543 913 3614 novitate
938 3565 1000 3613 sua
1032 3549 1066 3613 et
1099 3541 1198 3613 toties
1227 3542 1359 3634 quoties

290 3668 458 3757 voluerit,
480 3675 729 3740 sacramentum
747 3667 932 3739 fidelitatis.

731 3899 914 3970 LXXVIII
988 3910 993 3920 “

461 4100 505 4149 ΒΕ
530 4099 661 4150 SANCTO
686 4099 841 4150 MARTINO
866 4099 909 4149 DE
934 4100 1048 4151 PETRA
1074 4100 1183 4151 Lusln.

339 4256 498 4350 Sequitur
515 4256 608 4327 locus
627 4256 669 4327 de
689 4257 811 4328 Sancto
829 4255 977 4327 Martino
997 4256 1039 4328 de
1058 4257 1161 4327 Petra
1178 4254 1278 4326 Lesia
1297 4254 1356 4348 qui

209 4474 212 4479 ,
289 4394 340 4468 est
364 4390 453 4460 totus
477 4381 602 4462 domini
626 4381 866 4491 archiepiscopi
886 4381 1119 4462 Narbonensis
1139 4404 1215 4457 cum
1239 4379 1356 4451 omni-
