3308 5430
292 619 330 679 62
728 628 821 676 Livor
842 628 922 676 unm

339 779 424 849 Item
452 776 576 848 debent
596 774 678 847 dare
700 774 788 847 idem
814 774 969 847 monachi
995 776 1031 846 in
1059 776 1210 849 novitate
1237 778 1360 871 prefati

289 903 415 975 domini
452 901 693 996 archiepiscopi
728 924 832 973 unum
873 909 1045 974 mulonem
1081 902 1189 975 eidem
1226 902 1361 976 domino

291 1026 553 1121 archiepiscopo.

342 1180 425 1251 Item
451 1179 487 1249 in
512 1185 582 1250 tota
603 1177 730 1249 bavilia
750 1177 792 1248 do
810 1176 982 1272 Apiniano
1004 1178 1129 1252 debent
1150 1146 1225 1253 esse
1248 1181 1362 1275 plures

292 1328 431 1394 census,
473 1304 531 1375 sed
570 1327 645 1374 cum
674 1301 853 1394 diligentia
891 1325 950 1395 per
990 1303 1141 1375 bavilum
1180 1304 1259 1376 dicti
1296 1306 1360 1379 loci

293 1429 545 1523 perquirantur.

753 1579 900 1651 XLVIII

665 1755 709 1804 DII
735 1754 837 1805 VILLA
862 1753 992 1805 RUBIIA.

343 1912 458 1982 Primo
486 1911 578 1982 loous
601 1911 643 1983 de
672 1912 765 1983 Villa
793 1912 915 1984 Rubea
949 1911 1150 1985 Terminesii
1184 1920 1237 1986 est
1273 1920 1362 1986 totus
1456 1896 1459 1903 ¹

293 2035 420 2107 domini
441 2035 681 2130 archiepiscopi
700 2037 933 2109 Narbonensis
952 2061 1029 2109 cum
1047 2037 1238 2109 omnimoda
1248 2038 1361 2132 juris·

293 2163 437 2235 dictione
455 2163 525 2234 alta
537 2169 572 2234 et
587 2162 687 2233 bassa
697 2168 731 2234 et
748 2183 841 2232 mero
855 2184 895 2232 ae
912 2161 1019 2232 mixto
1036 2160 1178 2255 imperio
1189 2185 1229 2234 ac
1243 2161 1362 2256 primis

295 2288 590 2384 appellationibus.

344 2441 429 2531 Item
459 2438 562 2510 habet
591 2437 628 2507 in
658 2436 747 2508 dioto
776 2437 847 2508 looo
881 2443 1030 2511 castrum
1059 2442 1158 2510 suuni
1190 2437 1362 2532 proprium

295 2588 371 2636 oum
392 2585 460 2636 uno
480 2561 641 2634 viridario
659 2562 691 2634 ei
708 2561 879 2655 oontiguo.

343 2718 428 2787 Item
460 2714 563 2786 habet
598 2714 634 2785 in
666 2713 750 2786 villa
784 2737 890 2785 unum
925 2713 1108 2808 hospitium
1143 2715 1268 2787 bonum
1301 2737 1363 2809 pro

294 2840 427 2912 stabulo
445 2846 480 2912 et
498 2862 558 2933 pro
578 2839 685 2934 paleis
703 2838 870 2912 tenendis,

344 2993 428 3064 Item
453 2991 557 3064 habet
579 2990 616 3062 in
642 2990 730 3062 dicto
763 2991 834 3064 loeo
860 2989 953 3062 aliud
976 2989 1160 3084 hospitium
1184 2991 1362 3085 antiquum
1397 3023 1399 3027 ¹

295 3139 355 3209 pro
374 3116 480 3210 paleis
499 3116 666 3190 tenendis,

344 3269 428 3340 Item
448 3268 551 3343 habet
569 3269 606 3340 in
622 3268 709 3340 dioto
730 3269 801 3340 loeo
823 3290 926 3339 unam
943 3267 1177 3340 condaminam
1192 3267 1363 3362 propriam

148 3382 156 3390 ’
295 3417 371 3465 oum
389 3417 470 3466 area
488 3395 520 3467 ei
535 3394 708 3488 contigua.

345 3548 429 3618 Item
457 3546 560 3618 habet
580 3545 617 3615 in
640 3545 811 3617 territorio
841 3544 976 3638 praefati
1002 3545 1066 3616 loci
1097 3567 1200 3616 unam
1227 3545 1363 3618 vineam

229 3760 243 3781 L
295 3670 466 3764 propriam
484 3671 584 3742 sitam
605 3670 641 3741 in
662 3671 832 3742 territorio
850 3677 968 3741 vocato
989 3671 1030 3742 al
1046 3669 1160 3742 Solos.

344 3824 427 3894 Item
447 3821 551 3894 habet
572 3823 607 3892 in
631 3821 802 3895 territorio
829 3820 909 3892 dicti
929 3819 992 3891 loci
1014 3818 1080 3891 duo
1108 3828 1206 3914 prata
1226 3819 1362 3914 propria

296 3947 362 4019 sita
376 3947 413 4017 in
432 3948 601 4019 territorIo
620 3953 737 4019 vocato
755 3945 871 4017 Mallis
891 3945 1129 4039 Magistranae.

343 4101 428 4189 Item
452 4098 555 4170 habet
574 4099 611 4168 in
630 4099 775 4172 diversis
797 4098 878 4169 locis
901 4105 935 4170 et
954 4097 1134 4170 territoriis
1161 4097 1241 4168 dicti
1258 4098 1361 4169 castri

295 4223 408 4297 decem
424 4223 556 4295 vivaria
570 4225 642 4295 sive
656 4246 803 4317 garenas
816 4223 1047 4295 cuniculorum
1059 4224 1166 4296 factas
1177 4222 1219 4295 de
1232 4222 1361 4316 lapidi-

297 4350 361 4422 bus
375 4349 590 4422 manualiter.
