3308 5430
732 598 821 644 utvnss
844 598 923 646 vunr

773 822 881 893 CXIII

676 1050 719 1099 DE
744 1048 974 1100 CARCASSONA.

342 1233 501 1325 Sequitur
522 1232 613 1302 Iocus
631 1231 672 1302 de
693 1230 898 1302 Carcassona
917 1232 975 1302 nbi
996 1231 1152 1304 dominus
1172 1232 1360 1327 archiepis·
1415 1252 1419 1259 ·

292 1379 394 1449 copus
413 1355 644 1427 Narbonensis
660 1355 762 1426 habet
788 1355 823 1424 in
842 1354 950 1426 medio
974 1355 1123 1427 civitatis
1143 1356 1360 1428 Carcassonae

292 1504 398 1552 uuum
437 1480 589 1573 pulcrum
625 1480 806 1572 hospitium
843 1504 919 1551 eum
962 1480 1115 1573 cappella
1155 1489 1189 1552 ot
1230 1480 1361 1554 duobus

294 1605 463 1676 viridariis
481 1614 516 1676 et
530 1605 607 1676 aliis
621 1605 708 1675 dicto
728 1605 873 1698 hospitio
890 1606 1059 1698 contiguis
1073 1615 1108 1678 et
1126 1607 1282 1679 annexis.

342 1758 425 1828 Item
451 1735 606 1826 dominus
623 1756 892 1849 archiepiscopus
909 1757 1154 1847 Narbonensis,
1184 1757 1219 1827 in
1251 1757 1361 1851 burgo
1469 1838 1474 1847 ⁴

291 1881 533 1968 Carcassonae,
568 1904 672 1950 unum
703 1881 880 1974 pulchrum
921 1888 1061 1975 potuum
1105 1905 1182 1954 cum
1224 1881 1361 1976 magnis

290 2004 475 2097 parietibus
496 2028 557 2098 pro
577 2006 721 2098 hospitio
741 2006 962 2079 construendo
980 2007 1144 2100 inceptis,
1165 2030 1242 2079 oum
1269 2004 1359 2077 viri-

291 2128 385 2199 dario
412 2128 517 2200 infra.

341 2282 424 2352 Item
443 2288 562 2374 gentes
572 2280 696 2350 domiui
717 2279 957 2373 archiepiscopi
973 2281 1205 2352 Narbonensis
1220 2287 1361 2373 possunt

292 2428 351 2497 per
368 2413 471 2476 totam
480 2405 653 2476 civitatem
665 2416 698 2476 ct
710 2405 855 2497 burgum
871 2404 1088 2476 Oaroassonae
1098 2412 1234 2499 portare
1245 2427 1357 2476 arma.

772 2697 885 2768 CXIV

722 2923 764 2971 un
785 2923 932 2972 cANuTO.

340 3105 500 3198 Sequitur
515 3106 606 3176 Iocus
623 3105 665 3175 de
682 3105 809 3180 Caneto
829 3105 886 3197 qui
902 3115 953 3175 est
972 3114 1062 3176 totus
1093 3104 1219 3180 domiui
1245 3104 1362 3175 archi-

292 3230 436 3324 episcopi
448 3231 678 3301 Narbonensis
693 3254 769 3300 cnm
788 3229 979 3299 omnimoda
986 3229 1220 3323 jurisdictione
1238 3231 1309 3300 alta
1327 3237 1362 3300 et

295 3356 393 3425 bassa
414 3363 448 3427 et
458 3378 550 3426 mero
559 3379 598 3425 ac
616 3357 722 3425 mixto
733 3355 873 3446 imperio
883 3363 917 3426 et
932 3355 1050 3446 primis
1061 3354 1356 3448 appellationibus.

342 3509 429 3578 Item
447 3507 550 3578 habet
570 3507 606 3576 iu
624 3506 712 3577 dicto
727 3506 798 3577 Ioco
816 3530 893 3599 quoe
909 3515 1071 3598 sequntur
1091 3520 1150 3599 per
1168 3505 1334 3577 ordinem.

343 3660 457 3729 Primo
467 3668 615 3729 castrum
627 3683 726 3730 suum
734 3658 904 3752 proprium
914 3681 990 3729 cum
999 3657 1135 3729 cellarIo
1147 3665 1181 3728 et
1192 3657 1361 3751 graneriis

292 3784 380 3855 dicto
397 3794 507 3855 castro
520 3785 705 3877 contiguis.

342 3937 425 4006 Item
458 3936 561 4006 habet
592 3936 726 4006 stabula
758 3935 992 4006 antedictum
1020 3942 1168 4006 castrum
1200 3936 1361 4028 contigua

295 4061 447 4133 ecclesiae
464 4084 539 4131 cnm
560 4060 691 4132 fenario
706 4062 755 4132 eis
773 4060 943 4153 contiguo.

345 4215 430 4284 Item
450 4214 485 4283 in
508 4212 590 4282 villa
609 4236 712 4284 unam
732 4213 867 4284 domum
887 4212 986 4284 sitam
1010 4211 1045 4283 in
1067 4212 1240 4306 carrieyra
1268 4210 1362 4283 Petri

299 4342 429 4414 Mathai
447 4362 507 4435 pro
527 4339 686 4434 granerio
700 4347 735 4411 et
752 4337 902 4410 oeIIari0.
